1223 1827
147 185 355 70 Spese si fa ꝑ bona mã

146 244 585 72 Spese si fa a meter dent ͦ robe e st ͣmazi

146 306 707 71 Spese chstĩstamͤ poste a cadauna sõti specie per poter

152 370 656 72 far ragiõ cũ cadaũ qñ accade e sono ĩ piu ꝑnđ

141 428 285 70 Sali da bichieri

143 500 148 65 Tegnami

143 561 725 67 Tariffa de tute sorte specie se nano de Alexan-

142 619 572 63 dria de barato e cõtai chstĩ stam̃te

140 680 738 71 Tariffa de spese menude se mete a cõto di mai-

147 744 575 64 stri e tute sorte merze e capitãn ĩ alex ͣ

143 805 722 76 Tariffa de spese se mete a maistri de specie đ

140 871 231 62 barato e cõti

141 933 509 75 Tariffa de spese per trar colli

142 1001 422 61 Tariffa paga ogni naue

139 1061 376 67 Tariffa paga griparie

137 1118 682 79 Tariffa de diuerse spese si fano ĩ dui̾se usaze

138 1184 230 64 Uerdi rami

137 1247 305 72 Uari dogni sorte

1021 57 66 73 4
