4177 6228
1236 721 1314 176 Non Anno molto ad uolger quelle rote

1429 816 1197 170 Et drizzo locchi alcelo che ti fie chiaro

1436 892 1329 180 Cio chel mio dir. pur dichiarar non puote

1194 965 1299 207 Tu ti rimani oimai chel tenpo e. caro

1429 1048 1135 173 In questo rengno si chio perdo troppo

1429 1134 969 146 uenendo teco si adparo adparo

1220 1172 1330 203 Quale essca alchuna uolta de galloppo

1425 1266 1028 156 Lucaualier. de schiera che caualchi

1422 1321 1270 177 Et ua per farse honor. di primo intoppo

1205 1380 1439 244 Tal si parteo danoi con maggior ualchi

1425 1491 1018 145 Et io rimasi in uia con essi due

1422 1529 1273 225 Che fuor. delmondo si buon mareschalchi

1174 1629 1283 208 E quando innanzi noi intrato fue

1423 1691 1138 203 Che locchi mei se fiero adlui sequaci

1418 1795 956 139 Come la mente a le parole sue

1200 1832 1231 228 Paruermi i rami grauidi e uiuaci

1405 1923 1162 166 dunaltro pomo e non molto lontani

1411 1999 1108 170 per esser pur ad lora uolti in laci.

1220 2060 1284 197 Ueddi gente soctesso alzar le mani

1423 2117 1153 202 Et gridar non so que uerso le fronde

1401 2221 969 159 quasi bramosi fantolini e uani

1174 2252 1413 270 Che pregano. elpregato. non risponde

1411 2377 1212 166 Ma per fare essere. ben lauoglia aguta

1401 2446 1132 183 tene alto lor. dessio e nool nasconde

1189 2517 1180 223 Poi si parteo si come ricreduta

1405 2619 1176 155 E noi uenemmo algrandarbore adesso

1405 2695 1117 142 Che tanti preghi elagrime rifiuta

1189 2740 1330 197 Trapassate oltre senza farue presso

1394 2826 1305 184 Lengno e. piu su che fo morso da eua

1391 2920 1090 159 e .questa pianta se leuo da esso

1184 2979 1257 223 Si tra le frasche non so que diceua

1377 3058 1228 177 per che Uirgilio. Statio. et io ristrecti

1394 3141 1180 156 Oltre andauamo dallato chesse leua

1168 3212 1149 182 Ricordiue dicea dei maledecti

1387 3311 969 131 Nel nouoli formati che sacogli

1377 3394 1080 128 Chesto conbacteo coi doppi pecti

1163 3440 1429 182 Edelli. hebrei. chal ber si mostrar molli

1373 3539 1180 125 per che no i uolle. Gedeon. conpangni

1370 3591 1218 149 Quando in uer median distese i colli

1179 3658 1283 192 Si adcostati adlun dei doi uiuangni

1373 3757 1025 145 passando odẽmo colpe delagola

1373 3826 1104 163 Seguite gia da miseri guadangni

1189 3908 1117 176 Poi ralargati per la strada sola

1366 3968 1156 152 ben mille passi e piu ci portaro oltre

1384 4044 1208 173 Contenplando ciaschun senza parola

1153 4126 1278 160 Que andate pensando si uoi sol tre

1366 4217 1014 139 Subita uoce disse ondio mi scosse

1363 4286 1097 146 Come fan bestie spauentate ⁊ poltre

1153 4344 1221 171 Driczai la testa per ueder chifosse

1363 4442 1128 128 Et giamai non se uiddero in fornace

1360 4511 1017 139 uetri oimetalli si lucenti e rosse

1137 4587 1387 172 Comio uiddi uno che dicea se uo piace

1356 4677 1246 122 montare in su. qui se conuien dar uolta

1346 4764 1159 156 quinci si ua chi uole andar per pace
