<alto xmlns:xsi="http://www.w3.org/2001/XMLSchema-instance" xmlns="http://www.loc.gov/standards/alto/ns-v4#" xsi:schemaLocation="http://www.loc.gov/standards/alto/ns-v4# http://www.loc.gov/standards/alto/v4/alto-4-2.xsd">
  <Description>
    <MeasurementUnit>pixel</MeasurementUnit>
    <sourceImageInformation>
      <fileName>btv1b8426803g_f167.jpg</fileName>
      
    </sourceImageInformation>
  </Description>
  
  <Tags>
    <OtherTag ID="BT1" LABEL="Title" DESCRIPTION="block type Title"/><OtherTag ID="BT2" LABEL="Main" DESCRIPTION="block type Main"/><OtherTag ID="BT3" LABEL="Commentary" DESCRIPTION="block type Commentary"/><OtherTag ID="BT4" LABEL="Illustration" DESCRIPTION="block type Illustration"/><OtherTag ID="BT5882" LABEL="DamageZone" DESCRIPTION="block type DamageZone"/><OtherTag ID="BT5883" LABEL="DecorationZone" DESCRIPTION="block type DecorationZone"/><OtherTag ID="BT5884" LABEL="DigitizationArtefactZone" DESCRIPTION="block type DigitizationArtefactZone"/><OtherTag ID="BT5885" LABEL="DropCapitalZone" DESCRIPTION="block type DropCapitalZone"/><OtherTag ID="BT5886" LABEL="MainZone" DESCRIPTION="block type MainZone"/><OtherTag ID="BT5887" LABEL="MarginTextZone" DESCRIPTION="block type MarginTextZone"/><OtherTag ID="BT5888" LABEL="MusicZone" DESCRIPTION="block type MusicZone"/><OtherTag ID="BT5889" LABEL="NumberingZone" DESCRIPTION="block type NumberingZone"/><OtherTag ID="BT5890" LABEL="QuireMarksZone" DESCRIPTION="block type QuireMarksZone"/><OtherTag ID="BT5891" LABEL="RunningTitleZone" DESCRIPTION="block type RunningTitleZone"/><OtherTag ID="BT5892" LABEL="SealZone" DESCRIPTION="block type SealZone"/><OtherTag ID="BT5893" LABEL="StampZone" DESCRIPTION="block type StampZone"/><OtherTag ID="BT5894" LABEL="TableZone" DESCRIPTION="block type TableZone"/><OtherTag ID="BT5895" LABEL="TitlePageZone" DESCRIPTION="block type TitlePageZone"/><OtherTag ID="BT7538" LABEL="text" DESCRIPTION="block type text"/>
    <OtherTag ID="LT2018" LABEL="DefaultLine" DESCRIPTION="line type DefaultLine"/><OtherTag ID="LT2020" LABEL="HeadingLine" DESCRIPTION="line type HeadingLine"/><OtherTag ID="LT2021" LABEL="InterlinearLine" DESCRIPTION="line type InterlinearLine"/><OtherTag ID="LT2019" LABEL="DropCapitalLine" DESCRIPTION="line type DropCapitalLine"/><OtherTag ID="LT2534" LABEL="default" DESCRIPTION="line type default"/><OtherTag ID="LT1" LABEL="Main" DESCRIPTION="line type Main"/><OtherTag ID="LT2" LABEL="Numbering" DESCRIPTION="line type Numbering"/><OtherTag ID="LT3" LABEL="Correction" DESCRIPTION="line type Correction"/><OtherTag ID="LT4" LABEL="Signature" DESCRIPTION="line type Signature"/>
  </Tags>
  
  <Layout>
    <Page WIDTH="4327" HEIGHT="6360" PHYSICAL_IMG_NR="2" ID="eSc_dummypage_">
      <PrintSpace HPOS="0" VPOS="0" WIDTH="4327" HEIGHT="6360">
        
        <TextBlock HPOS="1050" VPOS="645" WIDTH="1901" HEIGHT="4392" ID="eSc_textblock_f437f971" TAGREFS="BT5886">
          <Shape><Polygon POINTS="1527 749 2626 791 2598 872 2471 918 2541 1045 2499 1158 2499 1339 2555 1356 2527 1494 2640 1540 2626 1621 2513 1653 2499 1819 2683 2021 2669 2130 2598 2134 2697 2261 2640 2455 2584 2473 2654 2501 2683 2685 2626 2992 2725 3123 2725 3360 2796 3377 2824 3487 2923 3505 2951 3575 2895 3685 2711 3745 2626 3957 2626 4066 2768 4098 2640 4367 2725 5013 1153 5037 1147 4872 1126 4721 1126 4470 1089 1718 1050 921 1104 645"/></Shape>
          
          
          <TextLine ID="eSc_line_7256bfc0" TAGREFS="LT2018" BASELINE="1121 837 1806 798 2615 816" HPOS="1113" VPOS="704" WIDTH="1501" HEIGHT="191">
            <Shape><Polygon POINTS="2598 789 2545 789 2492 789 2439 784 2386 784 2333 779 2280 779 2227 779 2174 773 2121 773 2068 768 2015 768 1961 768 1908 763 1855 763 1802 763 1749 757 1696 757 1643 752 1590 752 1537 752 1484 736 1458 726 1352 757 1341 752 1325 784 1320 736 1256 704 1251 704 1246 704 1113 704 1118 832 1118 895 1209 895 1209 890 1214 890 1219 890 1219 885 1262 847 1924 869 1961 869 2015 869 2068 869 2121 869 2174 869 2227 869 2280 869 2333 869 2386 869 2386 874 2396 879 2402 879 2614 842 2614 810 2608 800 2598 789"/></Shape>
	    <String CONTENT="EL. mormoraua. a non so que gentuccha" HPOS="1113" VPOS="704" WIDTH="1501" HEIGHT="191"/>
          </TextLine>

          
          
          <TextLine ID="eSc_line_89cb2c09" TAGREFS="LT2018" BASELINE="1315 876 2393 883" HPOS="1311" VPOS="823" WIDTH="1082" HEIGHT="102">
            <Shape><Polygon POINTS="1311 911 1332 925 1336 925 1339 925 1343 925 2389 918 2393 883 2389 837 1315 823 1315 876"/></Shape>
	    <String CONTENT="Sentia. io. la oue. sentia la piaga" HPOS="1311" VPOS="823" WIDTH="1082" HEIGHT="102"/>
          </TextLine>

          
          
          <TextLine ID="eSc_line_44eae575" TAGREFS="LT2018" BASELINE="1332 964 2241 950" HPOS="1329" VPOS="890" WIDTH="912" HEIGHT="120">
            <Shape><Polygon POINTS="1336 1010 1378 992 1986 999 1990 999 1993 999 2032 982 2234 996 2241 950 2234 904 1781 890 1778 890 1774 890 1735 908 1583 893 1580 893 1329 915 1332 964"/></Shape>
	    <String CONTENT="de la iustitia che si li peluccha" HPOS="1329" VPOS="890" WIDTH="912" HEIGHT="120"/>
          </TextLine>

          
          
          <TextLine ID="eSc_line_b7a17566" TAGREFS="LT2018" BASELINE="1139 1059 2336 1021" HPOS="1129" VPOS="932" WIDTH="1204" HEIGHT="175">
            <Shape><Polygon POINTS="2190 953 2136 953 2083 953 2030 953 1977 953 1924 953 1871 953 1818 953 1765 959 1712 959 1659 959 1606 959 1564 959 1129 969 1134 1054 1134 1107 1304 1070 2327 1054 2333 1017 2317 932 2200 932 2190 953"/></Shape>
	    <String CONTENT="O Anima dissio che par si uaga" HPOS="1129" VPOS="932" WIDTH="1204" HEIGHT="175"/>
          </TextLine>

          
          
          <TextLine ID="eSc_line_6ddb2445" TAGREFS="LT2018" BASELINE="1339 1102 2506 1088" HPOS="1336" VPOS="1042" WIDTH="1170" HEIGHT="109">
            <Shape><Polygon POINTS="1339 1151 2506 1120 2506 1088 2495 1042 1336 1045 1339 1102"/></Shape>
	    <String CONTENT="Diparlar meco fa si chio tintenda" HPOS="1336" VPOS="1042" WIDTH="1170" HEIGHT="109"/>
          </TextLine>

          
          
          <TextLine ID="eSc_line_68ecdfaf" TAGREFS="LT2018" BASELINE="1339 1187 2463 1162" HPOS="1336" VPOS="1120" WIDTH="1127" HEIGHT="106">
            <Shape><Polygon POINTS="1339 1226 1498 1208 1590 1219 1672 1226 1675 1226 1778 1211 1845 1201 1863 1208 1898 1222 1901 1222 1905 1222 2022 1204 2389 1211 2393 1211 2396 1211 2463 1183 2463 1162 2453 1120 1336 1141 1339 1187"/></Shape>
	    <String CONTENT="e. te. e me. del tuo parlare appaga" HPOS="1336" VPOS="1120" WIDTH="1127" HEIGHT="106"/>
          </TextLine>

          
          
          <TextLine ID="eSc_line_fa9afb30" TAGREFS="LT2018" BASELINE="1136 1270 2499 1254" HPOS="1129" VPOS="1171" WIDTH="1368" HEIGHT="185">
            <Shape><Polygon POINTS="1134 1266 1134 1356 1341 1330 1346 1330 1362 1330 1633 1293 2020 1314 2184 1319 2190 1319 2492 1282 2497 1250 2486 1197 2190 1171 2184 1171 1829 1181 1373 1197 1129 1171 1134 1266"/></Shape>
	    <String CONTENT="Femena e. nata che non porta benda" HPOS="1129" VPOS="1171" WIDTH="1368" HEIGHT="185"/>
          </TextLine>

          
          
          <TextLine ID="eSc_line_449d2ccd" TAGREFS="LT2018" BASELINE="1343 1346 2407 1332" HPOS="1339" VPOS="1279" WIDTH="1068" HEIGHT="106">
            <Shape><Polygon POINTS="1343 1367 1573 1385 1576 1385 1580 1385 1583 1385 1608 1363 1612 1363 1650 1363 1866 1378 1870 1378 1873 1378 1877 1378 1901 1360 1905 1360 1933 1360 2135 1378 2138 1378 2403 1353 2407 1332 2400 1282 1339 1279 1343 1346"/></Shape>
	    <String CONTENT="Comincio el. che te fara piacere" HPOS="1339" VPOS="1279" WIDTH="1068" HEIGHT="106"/>
          </TextLine>

          
          
          <TextLine ID="eSc_line_25586a66" TAGREFS="LT2018" BASELINE="1343 1420 2531 1406" HPOS="1339" VPOS="1360" WIDTH="1192" HEIGHT="102">
            <Shape><Polygon POINTS="1343 1448 2227 1462 2230 1462 2531 1434 2531 1406 2520 1360 1339 1363 1343 1420"/></Shape>
	    <String CONTENT="La mea cipta .chome hon la reprenda" HPOS="1339" VPOS="1360" WIDTH="1192" HEIGHT="102"/>
          </TextLine>

          
          
          <TextLine ID="eSc_line_9b0130db" TAGREFS="LT2018" BASELINE="1147 1516 2425 1491" HPOS="1140" VPOS="1431" WIDTH="1283" HEIGHT="137">
            <Shape><Polygon POINTS="1145 1515 1145 1568 2423 1526 2423 1489 2407 1431 1140 1436 1145 1515"/></Shape>
	    <String CONTENT="Tu ti nandrai con questo anti uedere" HPOS="1140" VPOS="1431" WIDTH="1283" HEIGHT="137"/>
          </TextLine>

          
          
          <TextLine ID="eSc_line_46d75cf4" TAGREFS="LT2018" BASELINE="1353 1579 2630 1572" HPOS="1350" VPOS="1522" WIDTH="1280" HEIGHT="103">
            <Shape><Polygon POINTS="2612 1526 1350 1522 1353 1579 1353 1625 2548 1621 2552 1621 2630 1600 2630 1572 2626 1554 2623 1533"/></Shape>
	    <String CONTENT="Se nel mio mormorar. prendesti errore" HPOS="1350" VPOS="1522" WIDTH="1280" HEIGHT="103"/>
          </TextLine>

          
          
          <TextLine ID="eSc_line_7bc44278" TAGREFS="LT2018" BASELINE="1357 1660 2439 1650" HPOS="1353" VPOS="1604" WIDTH="1086" HEIGHT="99">
            <Shape><Polygon POINTS="1357 1703 2435 1678 2439 1650 2432 1604 1353 1604 1357 1660"/></Shape>
	    <String CONTENT="De chiarir tanti. ancor lecose uere" HPOS="1353" VPOS="1604" WIDTH="1086" HEIGHT="99"/>
          </TextLine>

          
          
          <TextLine ID="eSc_line_61281f08" TAGREFS="LT2018" BASELINE="1155 1770 2463 1758" HPOS="1145" VPOS="1664" WIDTH="1315" HEIGHT="143">
            <Shape><Polygon POINTS="1150 1764 1150 1807 1606 1780 1755 1807 1781 1807 1787 1807 1792 1807 1797 1807 1834 1775 1908 1801 1914 1801 1919 1801 1924 1801 2004 1775 2455 1791 2460 1754 2449 1664 1145 1664 1150 1764"/></Shape>
	    <String CONTENT="Ma di sio ueggio qui colui che fore" HPOS="1145" VPOS="1664" WIDTH="1315" HEIGHT="143"/>
          </TextLine>

          
          
          <TextLine ID="eSc_line_005af130" TAGREFS="LT2018" BASELINE="1357 1826 2456 1805" HPOS="1353" VPOS="1756" WIDTH="1103" HEIGHT="120">
            <Shape><Polygon POINTS="1357 1865 1534 1876 1537 1876 1541 1876 1544 1876 1569 1858 1587 1847 1838 1847 1887 1847 2092 1862 2096 1862 2099 1862 2174 1844 2266 1862 2269 1862 2273 1862 2315 1840 2400 1858 2403 1858 2407 1858 2456 1830 2456 1805 2446 1756 1353 1766 1357 1826"/></Shape>
	    <String CONTENT="trasse le noue rime comenzando" HPOS="1353" VPOS="1756" WIDTH="1103" HEIGHT="120"/>
          </TextLine>

          
          
          <TextLine ID="eSc_line_a080e9c2" TAGREFS="LT2018" BASELINE="1361 1915 2506 1886" HPOS="1357" VPOS="1837" WIDTH="1149" HEIGHT="120">
            <Shape><Polygon POINTS="1361 1957 2506 1918 2506 1886 2495 1837 1357 1844 1361 1915"/></Shape>
	    <String CONTENT="Dop̃ne chauete intellecto damore" HPOS="1357" VPOS="1837" WIDTH="1149" HEIGHT="120"/>
          </TextLine>

          
          
          <TextLine ID="eSc_line_5f78578b" TAGREFS="LT2018" BASELINE="1153 2013 2570 1978" HPOS="1145" VPOS="1902" WIDTH="1421" HEIGHT="170">
            <Shape><Polygon POINTS="1622 1907 1569 1907 1516 1913 1490 1913 1352 1934 1346 1934 1341 1934 1177 1907 1171 1907 1166 1907 1161 1907 1145 1918 1150 2008 1150 2061 1315 2072 1320 2072 1325 2072 1330 2072 1346 2061 1389 2035 2561 2035 2566 1976 2550 1902 1744 1923 1733 1923 1654 1907 1622 1907"/></Shape>
	    <String CONTENT="Et io allui io mi son dunque quando" HPOS="1145" VPOS="1902" WIDTH="1421" HEIGHT="170"/>
          </TextLine>

          
          
          <TextLine ID="eSc_line_7f7a7f71" TAGREFS="LT2018" BASELINE="1383 2100 2648 2086" HPOS="1373" VPOS="1987" WIDTH="1273" HEIGHT="143">
            <Shape><Polygon POINTS="1378 2130 2646 2098 2646 2082 2630 1987 1373 1998 1378 2098"/></Shape>
	    <String CONTENT="Amor mispira. noto. et ad quel modo" HPOS="1373" VPOS="1987" WIDTH="1273" HEIGHT="143"/>
          </TextLine>

          
          
          <TextLine ID="eSc_line_aad6fd65" TAGREFS="LT2018" BASELINE="1371 2169 2566 2141" HPOS="1368" VPOS="2091" WIDTH="1198" HEIGHT="110">
            <Shape><Polygon POINTS="1371 2201 2566 2176 2566 2141 2559 2091 1817 2091 1813 2091 1809 2091 1753 2109 1668 2095 1665 2095 1368 2120 1371 2169"/></Shape>
	    <String CONTENT="Chei dicta dentro. uo singnificando" HPOS="1368" VPOS="2091" WIDTH="1198" HEIGHT="110"/>
          </TextLine>

          
          
          <TextLine ID="eSc_line_74f17fc9" TAGREFS="LT2018" BASELINE="1173 2261 2453 2229" HPOS="1166" VPOS="2146" WIDTH="1283" HEIGHT="164">
            <Shape><Polygon POINTS="1171 2257 1171 2310 2444 2273 2449 2226 2433 2146 1166 2183 1171 2257"/></Shape>
	    <String CONTENT="O frate Adsai ueggio disse el nodo" HPOS="1166" VPOS="2146" WIDTH="1283" HEIGHT="164"/>
          </TextLine>

          
          
          <TextLine ID="eSc_line_71d0b143" TAGREFS="LT2018" BASELINE="1364 2332 2686 2310" HPOS="1361" VPOS="2261" WIDTH="1325" HEIGHT="113">
            <Shape><Polygon POINTS="1361 2279 1364 2332 1364 2374 1806 2353 1993 2356 2241 2363 2244 2363 2248 2363 2251 2363 2273 2349 2280 2346 2315 2349 2460 2360 2463 2360 2686 2335 2686 2310 2679 2279 2672 2261"/></Shape>
	    <String CONTENT="Chel notaro .e. Guictone e me ritenne" HPOS="1361" VPOS="2261" WIDTH="1325" HEIGHT="113"/>
          </TextLine>

          
          
          <TextLine ID="eSc_line_8edeaacb" TAGREFS="LT2018" BASELINE="1368 2416 2481 2388" HPOS="1364" VPOS="2339" WIDTH="1117" HEIGHT="113">
            <Shape><Polygon POINTS="1368 2452 2198 2441 2202 2441 2255 2423 2336 2438 2340 2438 2343 2438 2347 2438 2347 2434 2365 2420 2442 2434 2446 2434 2449 2434 2453 2434 2481 2416 2481 2388 2471 2339 1364 2349 1368 2416"/></Shape>
	    <String CONTENT="de qua daldolce stil nouo chio odo" HPOS="1364" VPOS="2339" WIDTH="1117" HEIGHT="113"/>
          </TextLine>

          
          
          <TextLine ID="eSc_line_4b968f30" TAGREFS="LT2018" BASELINE="1165 2528 1905 2483 2517 2476" HPOS="1155" VPOS="2400" WIDTH="1358" HEIGHT="197">
            <Shape><Polygon POINTS="1161 2522 1161 2597 1283 2597 1288 2597 1293 2597 1293 2591 1362 2554 1574 2565 1580 2565 1866 2522 2073 2533 2301 2544 2306 2544 2508 2496 2513 2475 2497 2400 1155 2427 1161 2522"/></Shape>
	    <String CONTENT="Io ueggio bene come letue penne" HPOS="1155" VPOS="2400" WIDTH="1358" HEIGHT="197"/>
          </TextLine>

          
          
          <TextLine ID="eSc_line_2103a728" TAGREFS="LT2018" BASELINE="1371 2586 2619 2558" HPOS="1368" VPOS="2508" WIDTH="1251" HEIGHT="117">
            <Shape><Polygon POINTS="1371 2625 1841 2600 2089 2600 2566 2600 2570 2600 2573 2600 2619 2579 2619 2558 2612 2508 1682 2508 1679 2508 1675 2508 1672 2508 1672 2512 1654 2529 1368 2533 1371 2586"/></Shape>
	    <String CONTENT="De retro al dictator sen uanno strecte" HPOS="1368" VPOS="2508" WIDTH="1251" HEIGHT="117"/>
          </TextLine>

          
          
          <TextLine ID="eSc_line_1ce0f21e" TAGREFS="LT2018" BASELINE="1368 2678 1863 2653 2619 2642" HPOS="1364" VPOS="2572" WIDTH="1255" HEIGHT="145">
            <Shape><Polygon POINTS="1368 2699 1495 2717 1498 2717 1502 2717 1541 2695 1544 2695 1555 2695 1643 2710 1647 2710 1739 2692 1778 2710 1781 2710 1785 2710 1788 2710 1845 2688 1848 2688 1908 2706 1912 2706 1916 2706 2060 2681 2082 2681 2114 2681 2357 2695 2361 2695 2619 2667 2619 2642 2608 2572 2488 2593 2177 2586 2046 2586 2043 2586 2039 2586 2036 2586 2025 2593 2011 2604 1993 2593 1972 2586 1969 2586 1965 2586 1905 2597 1859 2607 1831 2600 1788 2589 1785 2589 1781 2589 1364 2618 1368 2678"/></Shape>
	    <String CONTENT="Che dele nostre. certo non ad uenne" HPOS="1364" VPOS="2572" WIDTH="1255" HEIGHT="145"/>
          </TextLine>

          
          
          <TextLine ID="eSc_line_c33512c8" TAGREFS="LT2018" BASELINE="1153 2789 2665 2724" HPOS="1145" VPOS="2628" WIDTH="1516" HEIGHT="223">
            <Shape><Polygon POINTS="2577 2644 2524 2644 2471 2644 2418 2644 2396 2644 1659 2692 1617 2687 1458 2671 1442 2671 1384 2703 1378 2703 1198 2681 1193 2681 1187 2681 1182 2681 1145 2703 1150 2787 1150 2851 1320 2851 1325 2851 1330 2851 1368 2819 1574 2840 1590 2840 1596 2840 1601 2840 1606 2840 1654 2803 1802 2830 1808 2830 1813 2830 1818 2830 1967 2782 2656 2793 2661 2718 2646 2628 2577 2628 2577 2644"/></Shape>
	    <String CONTENT="E qual piu ad guardare oltre se mecte" HPOS="1145" VPOS="2628" WIDTH="1516" HEIGHT="223"/>
          </TextLine>

          
          
          <TextLine ID="eSc_line_a7e25a9f" TAGREFS="LT2018" BASELINE="1380 2880 2602 2831" HPOS="1373" VPOS="2740" WIDTH="1225" HEIGHT="164">
            <Shape><Polygon POINTS="1378 2904 2598 2851 2598 2830 2582 2740 1373 2793 1378 2877"/></Shape>
	    <String CONTENT="Non uede piu daluno adlaltro stilo" HPOS="1373" VPOS="2740" WIDTH="1225" HEIGHT="164"/>
          </TextLine>

          
          
          <TextLine ID="eSc_line_6ca7a40f" TAGREFS="LT2018" BASELINE="1375 2946 2096 2915 2531 2915" HPOS="1371" VPOS="2840" WIDTH="1160" HEIGHT="142">
            <Shape><Polygon POINTS="1375 2978 1696 2982 1700 2982 1863 2960 1923 2953 1990 2953 2198 2964 2202 2964 2205 2964 2244 2946 2248 2943 2251 2946 2276 2960 2280 2960 2283 2960 2287 2960 2453 2957 2456 2957 2531 2932 2531 2915 2527 2854 2481 2840 2478 2840 2474 2840 2361 2862 2347 2862 2336 2862 2248 2847 2244 2847 2241 2847 2177 2865 2167 2869 1371 2879 1375 2946"/></Shape>
	    <String CONTENT="Et quagi contentato se tacecte" HPOS="1371" VPOS="2840" WIDTH="1160" HEIGHT="142"/>
          </TextLine>

          
          
          <TextLine ID="eSc_line_84867dbb" TAGREFS="LT2018" BASELINE="1161 3060 2587 2996" HPOS="1150" VPOS="2925" WIDTH="1432" HEIGHT="159">
            <Shape><Polygon POINTS="1914 2925 1908 2925 1442 2973 1431 2973 1203 2957 1198 2957 1193 2957 1150 2978 1155 3058 1155 3084 2582 3047 2582 2994 2571 2925 1946 2925 1914 2925"/></Shape>
	    <String CONTENT="Come laucel che uernan longool nilo" HPOS="1150" VPOS="2925" WIDTH="1432" HEIGHT="159"/>
          </TextLine>

          
          
          <TextLine ID="eSc_line_850fb180" TAGREFS="LT2018" BASELINE="1371 3119 2669 3084" HPOS="1368" VPOS="3028" WIDTH="1301" HEIGHT="134">
            <Shape><Polygon POINTS="1368 3056 1371 3119 1371 3144 1481 3162 1484 3162 1488 3162 1491 3162 1513 3141 2057 3127 2121 3144 2124 3144 2128 3144 2287 3123 2403 3137 2407 3137 2410 3137 2463 3119 2623 3130 2626 3130 2630 3130 2633 3130 2669 3109 2669 3084 2661 3045 2647 3028"/></Shape>
	    <String CONTENT="Alchuna uolta inAire fanno schiera" HPOS="1368" VPOS="3028" WIDTH="1301" HEIGHT="134"/>
          </TextLine>

          
          
          <TextLine ID="eSc_line_1184c49f" TAGREFS="LT2018" BASELINE="1382 3208 2092 3176 2718 3176" HPOS="1378" VPOS="3095" WIDTH="1340" HEIGHT="159">
            <Shape><Polygon POINTS="1382 3254 1696 3225 1767 3243 1785 3247 1788 3247 1792 3247 1795 3247 1799 3247 1802 3243 1841 3218 1954 3236 1976 3240 1979 3240 1983 3240 2000 3236 2096 3211 2714 3211 2718 3176 2697 3112 2647 3095 2644 3095 2640 3095 2637 3095 2555 3123 2407 3123 2389 3109 2389 3105 2386 3105 2382 3105 2379 3105 2375 3105 2326 3127 2237 3105 2234 3105 2230 3105 2227 3105 2156 3130 2096 3109 2092 3109 2089 3109 2085 3109 2032 3134 1976 3112 1972 3112 1969 3112 1792 3141 1604 3123 1601 3123 1597 3123 1594 3123 1573 3144 1523 3123 1520 3123 1516 3123 1378 3151 1382 3208"/></Shape>
	    <String CONTENT="poi uolan piu ad frecta et uanno infilo" HPOS="1378" VPOS="3095" WIDTH="1340" HEIGHT="159"/>
          </TextLine>

          
          
          <TextLine ID="eSc_line_244c8176" TAGREFS="LT2018" BASELINE="1170 3330 2329 3257" HPOS="1155" VPOS="3179" WIDTH="1172" HEIGHT="175">
            <Shape><Polygon POINTS="2163 3179 2110 3179 2057 3179 2036 3179 2030 3179 2020 3190 2015 3206 1781 3217 1744 3201 1723 3190 1686 3195 1665 3201 1580 3227 1511 3206 1495 3201 1474 3206 1452 3206 1442 3211 1378 3243 1336 3211 1330 3211 1325 3211 1320 3211 1155 3217 1166 3328 1166 3354 2327 3312 2327 3254 2317 3185 2184 3179 2163 3179"/></Shape>
	    <String CONTENT="Cosi tucta lagente che li era" HPOS="1155" VPOS="3179" WIDTH="1172" HEIGHT="175"/>
          </TextLine>

          
          
          <TextLine ID="eSc_line_bc82711a" TAGREFS="LT2018" BASELINE="1385 3392 2159 3360 2605 3360" HPOS="1382" VPOS="3278" WIDTH="1223" HEIGHT="159">
            <Shape><Polygon POINTS="1385 3423 1590 3437 1594 3437 1597 3437 1601 3437 1601 3434 1622 3416 1626 3413 1647 3416 1718 3427 1721 3427 1725 3427 1774 3413 1785 3409 1802 3409 1926 3427 1930 3427 1933 3427 1937 3427 1937 3423 1958 3406 1961 3402 1972 3406 2057 3423 2060 3423 2064 3423 2068 3423 2103 3399 2110 3395 2258 3395 2283 3413 2287 3413 2290 3413 2294 3413 2297 3413 2301 3413 2301 3409 2322 3392 2333 3392 2527 3409 2531 3409 2534 3409 2605 3381 2605 3360 2601 3296 2531 3278 2527 3278 2524 3278 2421 3303 2407 3303 2396 3303 2301 3286 2297 3286 2294 3286 2290 3286 2266 3303 2262 3303 2258 3303 2071 3293 2068 3293 1990 3310 1951 3317 1919 3310 1880 3300 1877 3300 1873 3300 1870 3300 1866 3300 1848 3310 1834 3321 1795 3314 1753 3303 1749 3303 1746 3303 1711 3314 1668 3324 1382 3321 1385 3392"/></Shape>
	    <String CONTENT="uolgendol uiso. raffrecto suo passo" HPOS="1382" VPOS="3278" WIDTH="1223" HEIGHT="159"/>
          </TextLine>

          
          
          <TextLine ID="eSc_line_ef37c03f" TAGREFS="LT2018" BASELINE="1403 3483 2057 3448 2821 3441" HPOS="1399" VPOS="3384" WIDTH="1422" HEIGHT="145">
            <Shape><Polygon POINTS="1403 3529 1728 3498 1908 3508 2011 3512 2015 3512 2018 3512 2022 3512 2039 3501 2071 3480 2227 3480 2241 3490 2251 3501 2255 3501 2258 3501 2262 3501 2266 3501 2269 3501 2269 3498 2273 3498 2276 3490 2287 3476 2414 3469 2566 3469 2587 3476 2647 3494 2651 3494 2654 3494 2817 3462 2821 3441 2813 3384 2198 3384 2195 3384 1933 3409 1916 3409 1908 3409 1831 3395 1827 3395 1824 3395 1820 3395 1795 3413 1792 3413 1785 3413 1604 3402 1601 3402 1597 3402 1594 3402 1569 3420 1562 3427 1399 3427 1403 3483"/></Shape>
	    <String CONTENT="Et per magrezza. et per uoler ligera" HPOS="1399" VPOS="3384" WIDTH="1422" HEIGHT="145"/>
          </TextLine>

          
          
          <TextLine ID="eSc_line_8bfe91c9" TAGREFS="LT2018" BASELINE="1162 3613 2089 3540 2654 3540" HPOS="1150" VPOS="3444" WIDTH="1501" HEIGHT="197">
            <Shape><Polygon POINTS="2423 3444 2370 3444 2317 3444 2264 3444 2211 3444 2190 3444 2168 3455 2152 3466 2136 3460 2105 3444 2105 3444 2052 3444 2030 3460 1999 3482 1935 3460 1924 3460 1919 3460 1914 3460 1908 3460 1898 3460 1824 3492 1749 3466 1744 3460 1733 3466 1691 3466 1569 3508 1521 3476 1490 3476 1447 3508 1352 3476 1336 3471 1330 3471 1325 3471 1150 3476 1161 3609 1161 3641 2651 3556 2651 3535 2646 3450 2428 3444 2423 3444"/></Shape>
	    <String CONTENT="Et chomel hon che deltroctare e. lasso" HPOS="1150" VPOS="3444" WIDTH="1501" HEIGHT="197"/>
          </TextLine>

          
          
          <TextLine ID="eSc_line_16311544" TAGREFS="LT2018" BASELINE="1410 3667 1940 3632 2927 3607" HPOS="1406" VPOS="3543" WIDTH="1521" HEIGHT="184">
            <Shape><Polygon POINTS="2729 3561 2725 3561 2686 3543 2683 3543 2679 3543 2676 3543 2637 3565 2633 3565 2608 3565 2460 3551 2456 3551 2453 3551 2449 3551 2425 3568 2418 3572 2382 3568 2237 3558 2234 3558 2230 3558 2188 3575 2184 3579 1406 3593 1410 3667 1414 3710 1456 3699 1474 3710 1502 3727 1505 3727 1509 3727 1513 3727 1516 3727 1576 3702 1601 3692 2025 3671 2135 3678 2301 3692 2304 3692 2418 3667 2460 3657 2485 3664 2570 3688 2573 3688 2577 3688 2838 3681 2842 3681 2927 3642 2927 3607 2923 3604 2905 3558"/></Shape>
	    <String CONTENT="Lassia andar li conpangni ⁊ si passeggia" HPOS="1406" VPOS="3543" WIDTH="1521" HEIGHT="184"/>
          </TextLine>

          
          
          <TextLine ID="eSc_line_f0233b62" TAGREFS="LT2018" BASELINE="1392 3752 2570 3713" HPOS="1389" VPOS="3639" WIDTH="1181" HEIGHT="166">
            <Shape><Polygon POINTS="1392 3805 1566 3777 1718 3787 1813 3794 1817 3794 1820 3794 1873 3780 1940 3759 1976 3773 2000 3784 2004 3784 2007 3784 2011 3784 2015 3784 2036 3770 2057 3755 2258 3748 2311 3755 2456 3773 2460 3773 2463 3773 2570 3738 2570 3713 2562 3639 2456 3639 2453 3639 2449 3639 2446 3639 2446 3642 2442 3642 2428 3660 2389 3642 2375 3639 2372 3639 2368 3639 2329 3646 2220 3667 2082 3653 2022 3649 2018 3649 1916 3653 1912 3653 1908 3653 1908 3657 1905 3657 1901 3660 1887 3678 1848 3664 1831 3657 1827 3657 1824 3657 1820 3657 1817 3657 1809 3664 1788 3681 1749 3667 1732 3660 1728 3660 1725 3660 1721 3660 1696 3667 1650 3685 1389 3681 1392 3752"/></Shape>
	    <String CONTENT="fin che sfoghi lafollare delcasso" HPOS="1389" VPOS="3639" WIDTH="1181" HEIGHT="166"/>
          </TextLine>

          
          
          <TextLine ID="eSc_line_33ec4a78" TAGREFS="LT2018" BASELINE="1174 3863 2669 3801" HPOS="1166" VPOS="3725" WIDTH="1501" HEIGHT="170">
            <Shape><Polygon POINTS="2015 3731 1961 3731 1908 3731 1855 3731 1845 3747 1818 3773 1622 3773 1574 3747 1569 3741 1537 3747 1505 3773 1463 3747 1458 3747 1452 3747 1447 3747 1442 3747 1437 3747 1437 3752 1431 3752 1405 3784 1166 3752 1171 3858 1171 3895 2667 3858 2667 3800 2656 3741 2036 3725 2015 3731"/></Shape>
	    <String CONTENT="Si lasso trapassar la santa greggia" HPOS="1166" VPOS="3725" WIDTH="1501" HEIGHT="170"/>
          </TextLine>

          
          
          <TextLine ID="eSc_line_dff1be3c" TAGREFS="LT2018" BASELINE="1392 3939 2566 3893" HPOS="1385" VPOS="3840" WIDTH="1181" HEIGHT="131">
            <Shape><Polygon POINTS="1392 3971 2566 3925 2566 3893 2559 3847 2198 3840 2195 3840 2103 3858 2068 3869 1385 3879 1392 3939"/></Shape>
	    <String CONTENT="forese. adietro mecho sen ueniua" HPOS="1385" VPOS="3840" WIDTH="1181" HEIGHT="131"/>
          </TextLine>

          
          
          <TextLine ID="eSc_line_66f2f3e5" TAGREFS="LT2018" BASELINE="1389 4013 2601 3960" HPOS="1385" VPOS="3907" WIDTH="1216" HEIGHT="135">
            <Shape><Polygon POINTS="1389 4042 2601 3992 2601 3960 2594 3914 2329 3907 2326 3907 2177 3932 2163 3932 2156 3932 2114 3918 2110 3918 2106 3918 2103 3918 2099 3918 2082 3936 2078 3936 2057 3936 1863 3929 1859 3929 1855 3929 1852 3929 1852 3932 1834 3946 1834 3950 1385 3964 1389 4013"/></Shape>
	    <String CONTENT="dicendo quando fie. chio ti riueggia" HPOS="1385" VPOS="3907" WIDTH="1216" HEIGHT="135"/>
          </TextLine>

          
          
          <TextLine ID="eSc_line_8d3c795a" TAGREFS="LT2018" BASELINE="1182 4116 2149 4070 2580 4070" HPOS="1171" VPOS="3974" WIDTH="1406" HEIGHT="170">
            <Shape><Polygon POINTS="1177 4112 1177 4144 2577 4102 2577 4065 2566 3974 1415 4033 1171 4017 1177 4112"/></Shape>
	    <String CONTENT="Non so rispusi lui quantio me uiua" HPOS="1171" VPOS="3974" WIDTH="1406" HEIGHT="170"/>
          </TextLine>

          
          
          <TextLine ID="eSc_line_ceecbcdb" TAGREFS="LT2018" BASELINE="1385 4183 2746 4141" HPOS="1382" VPOS="4073" WIDTH="1364" HEIGHT="163">
            <Shape><Polygon POINTS="2690 4081 2658 4073 2623 4091 2541 4077 2538 4077 1382 4119 1385 4183 1385 4236 1477 4218 1587 4229 1604 4229 1608 4229 1612 4229 1615 4229 1647 4204 1795 4218 1834 4222 1838 4222 1891 4215 2060 4190 2106 4204 2124 4211 2128 4211 2131 4211 2230 4201 2407 4176 2577 4176 2591 4183 2605 4197 2608 4197 2612 4197 2615 4197 2743 4176 2746 4141 2743 4137 2725 4088"/></Shape>
	    <String CONTENT="ma gia non fiel tornar. meo tanto tosto" HPOS="1382" VPOS="4073" WIDTH="1364" HEIGHT="163"/>
          </TextLine>

          
          
          <TextLine ID="eSc_line_abc0a148" TAGREFS="LT2018" BASELINE="1389 4271 2050 4236 2679 4222" HPOS="1385" VPOS="4158" WIDTH="1294" HEIGHT="156">
            <Shape><Polygon POINTS="1389 4314 1665 4285 1718 4296 1749 4303 1753 4303 1756 4303 1792 4293 1845 4278 2029 4278 2294 4282 2297 4282 2301 4282 2379 4261 2393 4257 2425 4257 2637 4268 2640 4268 2644 4268 2647 4268 2679 4247 2679 4222 2672 4172 2439 4158 2435 4158 2432 4158 2382 4183 2379 4183 2375 4183 2297 4165 2294 4165 2290 4165 2205 4190 2198 4190 2184 4190 1933 4176 1930 4176 1926 4176 1838 4204 1767 4183 1764 4183 1760 4183 1566 4215 1481 4194 1477 4194 1474 4194 1470 4194 1385 4222 1389 4271"/></Shape>
	    <String CONTENT="Chio non sia col uoler. prima allariua" HPOS="1385" VPOS="4158" WIDTH="1294" HEIGHT="156"/>
          </TextLine>

          
          
          <TextLine ID="eSc_line_e4b003ec" TAGREFS="LT2018" BASELINE="1186 4381 2538 4307" HPOS="1177" VPOS="4224" WIDTH="1357" HEIGHT="212">
            <Shape><Polygon POINTS="2444 4229 2391 4229 2370 4229 2237 4229 2232 4234 2221 4234 1824 4245 1808 4250 1776 4250 1739 4250 1702 4255 1649 4255 1596 4261 1569 4261 1336 4298 1177 4282 1182 4377 1187 4436 1378 4388 1776 4388 1977 4388 1983 4388 1988 4388 2030 4367 2057 4356 2110 4361 2237 4377 2243 4377 2534 4324 2534 4303 2518 4224 2481 4224 2444 4229"/></Shape>
	    <String CONTENT="Pero chelloco oue fui ad uiuer posto" HPOS="1177" VPOS="4224" WIDTH="1357" HEIGHT="212"/>
          </TextLine>

          
          
          <TextLine ID="eSc_line_608983ca" TAGREFS="LT2018" BASELINE="1385 4434 2608 4381" HPOS="1382" VPOS="4321" WIDTH="1226" HEIGHT="148">
            <Shape><Polygon POINTS="1385 4469 1877 4437 1919 4444 1976 4455 1979 4455 2099 4434 2110 4434 2114 4434 2159 4448 2163 4448 2167 4448 2170 4448 2174 4448 2195 4430 2202 4430 2428 4437 2432 4437 2435 4437 2439 4437 2460 4420 2517 4434 2520 4434 2524 4434 2527 4434 2608 4406 2608 4381 2598 4321 1647 4370 1597 4356 1594 4356 1590 4356 1587 4356 1583 4356 1576 4356 1502 4377 1382 4367 1385 4434"/></Shape>
	    <String CONTENT="de iorno in iorno piu deben sespolpa" HPOS="1382" VPOS="4321" WIDTH="1226" HEIGHT="148"/>
          </TextLine>

          
          
          <TextLine ID="eSc_line_d0c35176" TAGREFS="LT2018" BASELINE="1392 4515 2509 4476" HPOS="1389" VPOS="4427" WIDTH="1120" HEIGHT="116">
            <Shape><Polygon POINTS="1392 4543 2403 4526 2509 4501 2509 4476 2499 4427 1389 4448 1392 4515"/></Shape>
	    <String CONTENT="Et ad trista ruina par disposto" HPOS="1389" VPOS="4427" WIDTH="1120" HEIGHT="116"/>
          </TextLine>

          
          
          <TextLine ID="eSc_line_a26f266d" TAGREFS="LT2018" BASELINE="1201 4619 2658 4547" HPOS="1193" VPOS="4473" WIDTH="1463" HEIGHT="191">
            <Shape><Polygon POINTS="1198 4616 1198 4664 2656 4579 2656 4542 2640 4473 1193 4542 1198 4616"/></Shape>
	    <String CONTENT="Or ua dissel che quil. che piu uaccolpa" HPOS="1193" VPOS="4473" WIDTH="1463" HEIGHT="191"/>
          </TextLine>

          
          
          <TextLine ID="eSc_line_2f7b4d75" TAGREFS="LT2018" BASELINE="1403 4685 2541 4639" HPOS="1399" VPOS="4579" WIDTH="1142" HEIGHT="138">
            <Shape><Polygon POINTS="1403 4717 2449 4692 2453 4692 2541 4667 2541 4639 2531 4579 1481 4635 1399 4621 1403 4685"/></Shape>
	    <String CONTENT="Ueggio ad coda duna bestia tracto" HPOS="1399" VPOS="4579" WIDTH="1142" HEIGHT="138"/>
          </TextLine>

          
          
          <TextLine ID="eSc_line_4a082fd1" TAGREFS="LT2018" BASELINE="1399 4762 2654 4724" HPOS="1396" VPOS="4674" WIDTH="1258" HEIGHT="120">
            <Shape><Polygon POINTS="1399 4794 2654 4752 2654 4724 2644 4674 1870 4681 1749 4699 1725 4702 1711 4702 1619 4688 1615 4688 1612 4688 1608 4688 1590 4706 1587 4709 1396 4709 1399 4762"/></Shape>
	    <String CONTENT="in nellaualle oue mai non sescolpa" HPOS="1396" VPOS="4674" WIDTH="1258" HEIGHT="120"/>
          </TextLine>

          
          
          <TextLine ID="eSc_line_d18a83ba" TAGREFS="LT2018" BASELINE="1167 4861 2665 4801" HPOS="1161" VPOS="4743" WIDTH="1500" HEIGHT="175">
            <Shape><Polygon POINTS="1903 4748 1850 4748 1797 4748 1744 4754 1691 4754 1686 4754 1638 4775 1516 4759 1479 4759 1458 4759 1405 4785 1336 4748 1320 4743 1315 4743 1309 4743 1161 4748 1166 4860 1166 4918 2661 4849 2661 4796 2646 4743 1914 4743 1903 4748"/></Shape>
	    <String CONTENT="La bestia adongne passo ua piu racto" HPOS="1161" VPOS="4743" WIDTH="1500" HEIGHT="175"/>
          </TextLine>

          
          
          <TextLine ID="eSc_line_f94dc8de" TAGREFS="LT2018" BASELINE="1399 4932 2640 4890" HPOS="1396" VPOS="4830" WIDTH="1244" HEIGHT="148">
            <Shape><Polygon POINTS="1399 4978 1520 4964 1576 4974 1601 4978 1604 4978 1608 4978 1612 4978 1619 4971 1647 4957 1795 4964 1912 4967 1916 4967 1919 4967 1923 4967 1937 4957 1951 4946 2004 4953 2071 4960 2075 4960 2078 4960 2117 4946 2149 4936 2170 4943 2202 4957 2205 4957 2209 4957 2290 4939 2329 4929 2357 4936 2421 4950 2425 4950 2428 4950 2432 4950 2435 4950 2435 4946 2439 4946 2453 4929 2456 4921 2640 4918 2640 4890 2633 4840 2333 4830 2329 4830 2326 4830 2322 4830 2322 4833 2319 4833 2308 4847 2237 4833 2234 4833 2114 4854 1742 4851 1739 4851 1735 4851 1700 4868 1604 4854 1601 4854 1396 4879 1399 4932"/></Shape>
	    <String CONTENT="Cressiendo senpre fin chella el percote" HPOS="1396" VPOS="4830" WIDTH="1244" HEIGHT="148"/>
          </TextLine>

          
          
          <TextLine ID="eSc_line_fcdefc99" TAGREFS="LT2018" BASELINE="1414 5024 2732 4967" HPOS="1406" VPOS="4904" WIDTH="1326" HEIGHT="176">
            <Shape><Polygon POINTS="1414 5070 1636 5063 1647 5066 1693 5080 1696 5080 1700 5080 1703 5080 1742 5059 1753 5056 1905 5056 1916 5056 1983 5080 1986 5080 1990 5080 1993 5080 2138 5045 2149 5042 2152 5042 2191 5070 2195 5070 2198 5070 2202 5070 2414 5045 2478 5059 2481 5059 2485 5059 2729 5017 2732 4967 2725 4918 2577 4904 2573 4904 2248 4936 2244 4936 2163 4921 2159 4921 1912 4950 1834 4936 1831 4936 1827 4936 1746 4957 1668 4943 1665 4943 1661 4943 1657 4943 1657 4946 1654 4946 1643 4960 1470 4953 1467 4953 1463 4953 1406 4971 1414 5024"/></Shape>
	    <String CONTENT="Et lassia il corpo uilmente disfacto" HPOS="1406" VPOS="4904" WIDTH="1326" HEIGHT="176"/>
          </TextLine>

          
        </TextBlock>
        
        <TextBlock HPOS="3619" VPOS="466" WIDTH="209" HEIGHT="138" ID="eSc_textblock_e09fe813" TAGREFS="BT5889">
          <Shape><Polygon POINTS="3814 480 3828 590 3619 604 3669 466"/></Shape>
          
          
          <TextLine ID="eSc_line_477da886" TAGREFS="LT2018" BASELINE="3630 579 3817 572" HPOS="3630" VPOS="473" WIDTH="187" HEIGHT="155">
            <Shape><Polygon POINTS="3687 473 3683 473 3680 473 3665 477 3655 484 3630 561 3630 579 3630 628 3817 625 3817 572 3814 551 3800 491"/></Shape>
	    <String CONTENT="82" HPOS="3630" VPOS="473" WIDTH="187" HEIGHT="155" WC="0.999970197677612"/>
          </TextLine>

          
        </TextBlock>
        

        
      </PrintSpace>
    </Page>
  </Layout>
</alto>
