2417 3522
309 242 1743 129 senno vulgari, mercatanti, et aitra moita bona iente,

309 352 1767 125 la quale per lettera non intenne. Dunca per com̃une uti=

295 457 1771 133 litate, et diletto fo queſta opera vulgare ben che io lha=

290 572 1715 114 ia ia fatta per lettera, con un latino moito....

293 688 1748 127 ma l'opera non e tanto ordinata ne tanto copiosa come

301 800 311 121 questa.

260 888 1777 164 Anche queſta opera deſtingo per capituli perche volẽ=

287 1013 1642 141 no trovare le belle senza affanno le poza trovare

279 1123 1754 170 Capitolo secunno come Jacovo de saviello senatore fu

287 1258 1744 137 cacciato de campituoglio per lo puopolo e della caval=

291 1385 1689 119 laria de missore Stefano della colonna et missore

266 1494 773 141 Napolione delli ursinj.

220 1617 1765 176 Cap° iij come fu sconfitto lo principe della morra à

279 1719 1701 175 porta de caſtiello santo agnilo et come fu trovato

285 1833 1744 170 guilfo e Gibellino et delle conditione de Dante et que

272 1989 706 132 fine habbe soa vita

266 2070 1775 189 Cap° iiij de Papa Janny e delle venuta dello Bava=

266 2193 1753 178 ro a Roma et de soa parreza i đllo antipapa lo quale

267 2362 185 167 fece

226 2392 1794 231 Cap° v dello noſtro che nacque in Roma e dello lega=

252 2533 1562 200 to dello papa lo quale fu cacciato de Bologna

250 2676 1730 172 Cap° vj. come frate venturino venne a Roma co le

254 2794 1734 180 palomelle et dello .... de santo Pietro lo quale fu

258 2968 186 107 arso

229 2964 1762 267 Cap° vỹ. de Papa Benedetto e dello tetto de Sͦͭ. Pietro

1885 99 65 173 3
