2417 3559
543 225 1775 128 animo mio ene ſtimu lato de scrivere queſta materia,

537 344 1789 122 voglione toccare, puoi me se posa consolato lo mio ani=

532 579 1758 122 non haio meesso in scritto queſte belle cose, et novi=

532 688 1742 142 tati le quale vedute haio in mea vita: La quinta

528 816 1758 129 cascione ene anche quella, che scrive Tito Livio nello

528 933 1770 140 proemio dello suo livvro, nella prima decada dice, metre

520 1053 1756 125 che sto occupato a scrivere queſte cose so remoto, et no̾

526 1166 1764 142 veggo le crudelitati, le quale per tanti tiempi la no ftra

526 1287 1762 130 citate hao vedute, cosi dico io mentre che prenno di=

530 1405 1748 139 letto in queſta opera sto remoto, et nõ sento la guer=

522 1520 1736 138 ra, et li affanni li quali curreno per lo paiese li qali

532 1647 1734 140 per la moita tribolatione senno triſti, et miserabili

524 1765 1746 137 non solamente chj li pate, ma chi li ascoita quello che

524 1902 1705 126 io scrivo si ene fermamente vero, et de cio me sia

530 2002 1722 137 testimonio Dio: et quelli li quali mo vivo con meco,

526 2125 1711 146 che le in frascritte cose furo vere, et io le viddi, et

524 2250 1780 136 sentille, massimamente alcuna cosa che fu in mio paie=

520 2368 1786 152 si, in fesi da persone fidedigni, le quale concordava=

518 2505 1754 140 no ad uno, et de cio io poneraio certi segnalj, secun

512 2615 1776 155 no la materia curse li quali furo concorientj cones=

518 2730 1705 158 se cose questi segnali farrao io leiere essere vero; et

510 2859 1802 146 nõ suspetto de mio dicere: anche queſta cronica scri=

514 2971 1719 166 vo in vulgare, perelie? de essa pozza frare utilitate

516 3118 1728 142 onne iente la quale simplicemente leiere sao come

534 460 1748 121 mo, cosi dico io lanimo mio non posa, finente chio
