4327 6347
1084 671 1407 185 he quella uoglia ad larbore ne mena

1325 807 1129 123 Che meno xpõ addire heli. heli.

1318 885 998 105 quando ne libero colla sua uena

1110 952 1058 174 Et io allui forese daquil di

1315 1047 1291 113 Nel qual mutasti mondo. ad miglior uita

1322 1128 1227 116 Cinque anni non son uolti fino ad qui

1126 1184 1249 143 Se prima fo laposscia in te finita

1329 1283 1150 123 de peccar, pui che souenesse lora,

1322 1368 1217 120 del bon dolor, che addeo ne remarita

1105 1422 1238 148 Como se tu uenuto qui ancora

1325 1509 1171 123 io te credea trouar, laggio disocto

1322 1604 1150 116 La oue tenpo per tenpo se restora

1121 1676 1359 132 Ondelli adme si tosto ma condocto,

1318 1766 1235 120 Ad ber lo dolze assenzo de i martiri

1322 1840 1354 120 La nella mea con suo pianger, derocto

1325 1946 1203 95 Con suoi preghi diuoti ⁊ con sospiri

1325 2020 1175 109 tracto ma dela costa oue saspecta

1336 2094 1009 106 Et liberato ma dallaltri giri

1121 2136 1529 185 Tanto e, dadio, piu cara et piu dilecta

1333 2246 1167 127 Lauedouella mea che molto amay

1325 2327 1305 127 quanto in bene operare e. piu sol̃ecta

1132 2395 1422 164 Che labarbassia de sardengna Assay

1322 2503 1248 116 Nelle femmane sue piu e, pudica

1347 2574 1121 134 Che labarbassia douio la.lassay

1110 2623 1423 159 O dolce frate que uuol tu chio dica

1333 2746 1142 131 tenpo futuro me gia nl cõspecto

1347 2838 1386 113 Cui non sera, questa ora mõlto antica

1105 2893 1492 148 Nel qual sera, inpergamo., interdecto

1336 2990 1160 116 Allenfacciate dop̃ne fiorantine

1333 3085 1329 120 Andar, mostrando colle poppe el pecto

1110 3157 1524 127 ual barbare fuor, mai qual saracine

1336 3244 1301 116 Coi bisongnasse per farle ir, coperte

1336 3311 1121 130 oi spiritali, oi altre descepline

1126 3385 1381 158 Ma se le suergongnate fusser certe

1333 3494 1294 109 de cio chel cel ueloce loro admanna

1333 3564 1329 124 gia per urlare, Auren le bocche Aperte

1110 3628 1582 169 Che se lantiuedere qui non minganna

1325 3734 1309 141 prima fien triste, che le guance in peli

1340 3815 1304 137 Colui che mo se consola, con nanna

1116 3882 1512 174 Deo, frate, orfa, che piu non mecte celi

1340 3984 1326 145 uidi che non pur io, ma questa gente

1340 4062 1079 137 tucta remira. la douel sol ueli

1132 4136 1364 206 Per chio allui, se tu riduci admente

1340 4227 1266 141 Qual fosti mecho, et qualio teco fui

1336 4305 1372 155 Ancor fie graue al memorar presente

1121 4379 1232 190 Dequella uita, me uolse costui

1340 4457 1498 183 Che me ua innanzi. laltrier, quando tonda

1347 4555 991 145 uisse mostro, lasora dicolui

1116 4601 1618 233 El sol mostraua costui perla profonda

1340 4721 1266 148 Nocte. menato, ma uedere i morti

1336 4788 1294 212 Con questa uera carne chel seconda

624 2216 121 211 nõ

3702 454 175 201 81
