2417 3559
498 227 981 136 de Roma lo quale fu renouato

484 334 1741 140 Capᵒ uiii della cometa la quale apparse in lobardia

490 450 1713 129 e della abbassatione de missore Mastino tiranno per

489 569 416 122 li uenetiani.

472 630 1747 192 Capᵒ IX della aspera e crudele fame e della uatta

486 775 1745 156 glia de parabianco in lombardia et dilli modi noui

490 897 750 148 elli delle uestimenta

482 986 1766 196 Capᵒ X. della morte dello Re Ruberto e della uenuta

488 1127 1303 170 che fece la Reina de ongaria à Roma

482 1204 1749 251 Capᵒ Xi della sconfitta de spagna e della tosta de

495 1402 1717 158 ........... ....

500 1469 1742 203 Capᵒ Xy. come fu cacciato de Fiorenza lo Duca de

492 1601 1707 190 Athena et come morio Papa Benedetto e fu creato

496 1757 536 160 Papa clemento

495 1823 1705 238 Capᵒ Xiii. della cruciata la quale fu fatta in Tur

494 2016 599 125 chia alle smirne

483 2076 1702 240 Capᵒ Xiiiy della sconfitta de francia doue morio

504 2216 1715 212 lo Re de Boemia e lo Re de francia fu sconfitto

502 2376 787 172 dallo Re de egnilterra

513 2482 1752 216 Capᵒ XU dello grandissimo Diluuio e piena de acqua

486 2617 1796 202 Capᵒ XUi della galea sorrenata e derobata in pia=

504 2811 415 121 ia Romana

501 2859 1776 210 Capᵒ XUii de Leonardo da oruieto tenagliato ꝑ Roma

520 2999 1740 215 Capᵒ XUiii delli granni fatti li quali fece Cola de
