<?xml version="1.0" encoding="UTF-8"?>
<alto xmlns:xsi="http://www.w3.org/2001/XMLSchema-instance"
      xmlns="http://www.loc.gov/standards/alto/ns-v4#"
      xsi:schemaLocation="http://www.loc.gov/standards/alto/ns-v4# http://www.loc.gov/standards/alto/v4/alto-4-2.xsd">
  <Description>
    <MeasurementUnit>pixel</MeasurementUnit>
    <sourceImageInformation>
      <fileName>btv1b8433319z_f39.jpg</fileName>
      
    </sourceImageInformation>
  </Description>
  
  <Tags>
    <OtherTag ID="BT5812" LABEL="DamageZone" DESCRIPTION="block type DamageZone"/><OtherTag ID="BT5813" LABEL="DecorationZone" DESCRIPTION="block type DecorationZone"/><OtherTag ID="BT5814" LABEL="DigitizationArtefactZone" DESCRIPTION="block type DigitizationArtefactZone"/><OtherTag ID="BT5815" LABEL="DropCapitalZone" DESCRIPTION="block type DropCapitalZone"/><OtherTag ID="BT5816" LABEL="MainZone" DESCRIPTION="block type MainZone"/><OtherTag ID="BT5817" LABEL="MarginTextZone" DESCRIPTION="block type MarginTextZone"/><OtherTag ID="BT5818" LABEL="MusicZone" DESCRIPTION="block type MusicZone"/><OtherTag ID="BT5819" LABEL="NumberingZone" DESCRIPTION="block type NumberingZone"/><OtherTag ID="BT5820" LABEL="QuireMarksZone" DESCRIPTION="block type QuireMarksZone"/><OtherTag ID="BT5821" LABEL="RunningTitleZone" DESCRIPTION="block type RunningTitleZone"/><OtherTag ID="BT5822" LABEL="SealZone" DESCRIPTION="block type SealZone"/><OtherTag ID="BT5823" LABEL="StampZone" DESCRIPTION="block type StampZone"/><OtherTag ID="BT5824" LABEL="TableZone" DESCRIPTION="block type TableZone"/><OtherTag ID="BT5825" LABEL="TitlePageZone" DESCRIPTION="block type TitlePageZone"/><OtherTag ID="BT7565" LABEL="text" DESCRIPTION="block type text"/>
    <OtherTag ID="LT1998" LABEL="DefaultLine" DESCRIPTION="line type DefaultLine"/><OtherTag ID="LT1999" LABEL="DropCapitalLine" DESCRIPTION="line type DropCapitalLine"/><OtherTag ID="LT2000" LABEL="HeadingLine" DESCRIPTION="line type HeadingLine"/><OtherTag ID="LT2001" LABEL="InterlinearLine" DESCRIPTION="line type InterlinearLine"/><OtherTag ID="LT2129" LABEL="default" DESCRIPTION="line type default"/>
  </Tags>
  
  <Layout>
    <Page WIDTH="3163"
          HEIGHT="4467"
          PHYSICAL_IMG_NR="0"
          ID="eSc_dummypage_">
      <PrintSpace HPOS="0"
                  VPOS="0"
                  WIDTH="3163"
                  HEIGHT="4467">
        
        <TextBlock HPOS="169"
                   VPOS="320"
                   WIDTH="395"
                   HEIGHT="427"
                   ID="eSc_textblock_acefc331"
                   TAGREFS="BT5815">
          <Shape><Polygon POINTS="169 320 169 747 564 747 564 320"/></Shape>
          
          
          <TextLine ID="eSc_line_28f9f33f"
                    TAGREFS="LT1999"
                    BASELINE="181 715 186 715 210 715 297 715 536 715" 
                    HPOS="178"
                    VPOS="330"
                    WIDTH="365"
                    HEIGHT="433">
            <Shape><Polygon POINTS="178 763 324 763 324 759 327 759 342 755 406 733 529 744 532 714 543 337 190 330 178 714"/></Shape>
	    <String CONTENT="M"
                    HPOS="178"
                    VPOS="330"
                    WIDTH="365"
                    HEIGHT="433"></String>
          </TextLine>

          
        </TextBlock>
        
        <TextBlock HPOS="256"
                   VPOS="313"
                   WIDTH="1014"
                   HEIGHT="3145"
                   ID="eSc_textblock_0f6e6329"
                   TAGREFS="BT5816">
          <Shape><Polygon POINTS="576 738 256 767 256 3458 1270 3458 1247 313 571 324"/></Shape>
          
          
          <TextLine ID="eSc_line_782fee5a"
                    TAGREFS="LT1998"
                    BASELINE="553 414 1241 397" 
                    HPOS="548"
                    VPOS="330"
                    WIDTH="693"
                    HEIGHT="119">
            <Shape><Polygon POINTS="553 449 715 426 861 444 873 444 876 444 878 444 881 444 911 426 933 436 935 436 938 436 940 436 943 436 968 416 1062 416 1099 439 1102 439 1104 439 1107 439 1241 434 1241 397 1236 342 1055 335 1052 335 1050 335 1030 339 998 347 960 339 943 335 940 335 938 335 935 335 933 335 928 339 908 352 814 352 796 337 787 330 784 330 782 330 779 330 739 337 702 344 685 337 672 332 670 332 667 332 548 335 553 414"/></Shape>
	    <String CONTENT="A la Reyna dido gia"
                    HPOS="548"
                    VPOS="330"
                    WIDTH="693"
                    HEIGHT="119"
                    WC="0.9743754016725641"></String>
          </TextLine>

          
          
          <TextLine ID="eSc_line_4619d1a0"
                    TAGREFS="LT1998"
                    BASELINE="556 496 1216 481" 
                    HPOS="553"
                    VPOS="421"
                    WIDTH="663"
                    HEIGHT="112">
            <Shape><Polygon POINTS="556 513 667 518 680 531 680 533 682 533 685 533 687 533 995 528 998 528 1050 503 1216 498 1216 481 1211 434 1017 421 1015 421 921 434 903 439 553 439 556 496"/></Shape>
	    <String CONTENT="lungam̃te ferita di"
                    HPOS="553"
                    VPOS="421"
                    WIDTH="663"
                    HEIGHT="112"
                    WC="0.998456176958586"></String>
          </TextLine>

          
          
          <TextLine ID="eSc_line_1ce8b8ea"
                    TAGREFS="LT1998"
                    BASELINE="561 593 1219 580" 
                    HPOS="558"
                    VPOS="511"
                    WIDTH="661"
                    HEIGHT="104">
            <Shape><Polygon POINTS="561 615 1219 595 1219 580 1214 528 1142 511 1139 511 1137 511 1079 528 1000 513 998 513 995 513 923 531 824 516 821 516 819 516 816 516 816 518 814 518 806 528 779 518 777 518 774 518 772 518 769 518 752 531 724 521 722 521 719 521 558 538 561 593"/></Shape>
	    <String CONTENT="grãde ſollicitudĩe la"
                    HPOS="558"
                    VPOS="511"
                    WIDTH="661"
                    HEIGHT="104"></String>
          </TextLine>

          
          
          <TextLine ID="eSc_line_cc30e4d8"
                    TAGREFS="LT1998"
                    BASELINE="561 697 965 677 1228 677" 
                    HPOS="558"
                    VPOS="617"
                    WIDTH="670"
                    HEIGHT="115">
            <Shape><Polygon POINTS="561 732 647 717 712 724 737 727 739 727 742 727 744 727 749 722 779 702 1087 697 1089 697 1132 714 1134 714 1137 714 1139 714 1228 687 1228 677 1223 617 846 617 844 617 558 642 561 697"/></Shape>
	    <String CONTENT="piaga damore lũga"
                    HPOS="558"
                    VPOS="617"
                    WIDTH="670"
                    HEIGHT="115"
                    WC="0.9943725201818678"></String>
          </TextLine>

          
          
          <TextLine ID="eSc_line_901da171"
                    TAGREFS="LT1998"
                    BASELINE="255 804 682 779 1241 769" 
                    HPOS="253"
                    VPOS="704"
                    WIDTH="988"
                    HEIGHT="127">
            <Shape><Polygon POINTS="255 816 307 831 310 831 312 831 734 801 787 799 791 799 834 813 836 813 839 813 940 799 1087 806 1089 806 1241 784 1241 769 1236 719 866 704 863 704 861 704 804 727 767 712 764 712 762 712 695 724 613 714 610 714 608 714 536 739 431 729 429 729 253 749 255 804"/></Shape>
	    <String CONTENT="mente nutrita ⁊ e p̃ſa di cieco"
                    HPOS="253"
                    VPOS="704"
                    WIDTH="988"
                    HEIGHT="127"></String>
          </TextLine>

          
          
          <TextLine ID="eSc_line_0b2c4b87"
                    TAGREFS="LT1998"
                    BASELINE="258 898 670 873 1238 868" 
                    HPOS="253"
                    VPOS="796"
                    WIDTH="985"
                    HEIGHT="122">
            <Shape><Polygon POINTS="258 918 583 898 603 905 620 913 623 913 625 913 628 913 630 913 643 905 657 893 821 890 935 890 1209 895 1211 895 1214 895 1216 895 1238 880 1238 868 1231 811 1052 813 1005 796 1003 796 1000 796 898 816 724 804 722 804 603 826 595 826 588 826 481 813 479 813 476 813 474 813 454 828 407 816 404 816 402 816 253 833 258 898"/></Shape>
	    <String CONTENT="fuoco de amore. Et reuolgendo"
                    HPOS="253"
                    VPOS="796"
                    WIDTH="985"
                    HEIGHT="122"
                    WC="0.9800124250609299"></String>
          </TextLine>

          
          
          <TextLine ID="eSc_line_8e639142"
                    TAGREFS="LT1998"
                    BASELINE="253 997 657 970 1231 957" 
                    HPOS="248"
                    VPOS="888"
                    WIDTH="983"
                    HEIGHT="127">
            <Shape><Polygon POINTS="253 1015 1231 975 1231 957 1223 900 1097 903 1055 888 1052 888 1050 888 1047 888 1045 888 1025 905 990 890 988 890 985 890 983 890 980 890 963 903 650 903 647 903 645 903 608 923 486 928 302 933 273 920 270 920 268 920 265 920 263 920 248 928 253 997"/></Shape>
	    <String CONTENT="la nocte molte coſe nel ſuo a"
                    HPOS="248"
                    VPOS="888"
                    WIDTH="983"
                    HEIGHT="127"></String>
          </TextLine>

          
          
          <TextLine ID="eSc_line_da07585a"
                    TAGREFS="LT1998"
                    BASELINE="253 1077 1231 1049" 
                    HPOS="250"
                    VPOS="972"
                    WIDTH="981"
                    HEIGHT="117">
            <Shape><Polygon POINTS="253 1089 1228 1064 1231 1049 1226 995 1144 972 1142 972 1139 972 1137 972 1084 995 963 977 960 977 523 1015 506 1015 503 1015 481 995 481 992 479 992 476 992 434 992 431 992 429 992 427 992 427 995 407 1015 250 1019 253 1077"/></Shape>
	    <String CONTENT="nimo. La maitina coſi fauella"
                    HPOS="250"
                    VPOS="972"
                    WIDTH="981"
                    HEIGHT="117"></String>
          </TextLine>

          
          
          <TextLine ID="eSc_line_be534fa2"
                    TAGREFS="LT1998"
                    BASELINE="262 1177 312 1166 1263 1146" 
                    HPOS="257"
                    VPOS="1064"
                    WIDTH="1005"
                    HEIGHT="149">
            <Shape><Polygon POINTS="260 1213 465 1180 670 1180 696 1194 715 1202 719 1202 722 1202 726 1202 748 1191 782 1176 827 1187 871 1198 875 1198 879 1198 882 1198 886 1198 886 1194 901 1183 912 1172 957 1180 1028 1194 1031 1194 1035 1194 1039 1194 1039 1191 1058 1176 1065 1168 1072 1176 1099 1191 1102 1191 1106 1191 1110 1191 1259 1165 1262 1142 1255 1079 987 1064 983 1064 875 1086 782 1068 778 1068 774 1068 689 1090 529 1075 525 1075 521 1075 517 1075 517 1079 499 1098 324 1098 286 1079 283 1079 279 1079 275 1079 271 1079 257 1090 260 1176"/></Shape>
	    <String CONTENT="ala ſerocchia. O anna ſorore"
                    HPOS="257"
                    VPOS="1064"
                    WIDTH="1005"
                    HEIGHT="149"></String>
          </TextLine>

          
          
          <TextLine ID="eSc_line_188597f6"
                    TAGREFS="LT1998"
                    BASELINE="250 1258 633 1240 1219 1233" 
                    HPOS="245"
                    VPOS="1150"
                    WIDTH="973"
                    HEIGHT="134">
            <Shape><Polygon POINTS="603 1161 555 1180 536 1183 521 1180 461 1165 458 1165 454 1165 450 1165 447 1165 424 1183 417 1191 245 1191 249 1254 249 1280 972 1284 976 1284 1218 1258 1218 1232 1203 1150 1125 1172 1099 1153 1095 1153 1091 1153 1087 1153 1050 1157 841 1176 745 1168 610 1161 607 1161"/></Shape>
	    <String CONTENT="mia.che coſe dubioſe neli ſõ"
                    HPOS="245"
                    VPOS="1150"
                    WIDTH="973"
                    HEIGHT="134"></String>
          </TextLine>

          
          
          <TextLine ID="eSc_line_c0c0b0ca"
                    TAGREFS="LT1998"
                    BASELINE="268 1350 789 1332 1243 1332" 
                    HPOS="265"
                    VPOS="1270"
                    WIDTH="978"
                    HEIGHT="119">
            <Shape><Polygon POINTS="268 1389 364 1367 538 1377 613 1382 615 1382 618 1382 638 1374 675 1354 789 1354 921 1359 1169 1372 1171 1372 1174 1372 1243 1345 1243 1332 1238 1270 528 1275 265 1292 268 1350"/></Shape>
	    <String CONTENT="ni mi appariſcono.come grãde"
                    HPOS="265"
                    VPOS="1270"
                    WIDTH="978"
                    HEIGHT="119"></String>
          </TextLine>

          
          
          <TextLine ID="eSc_line_2321c17a"
                    TAGREFS="LT1998"
                    BASELINE="250 1444 1223 1421" 
                    HPOS="245"
                    VPOS="1354"
                    WIDTH="976"
                    HEIGHT="116">
            <Shape><Polygon POINTS="249 1470 1218 1444 1221 1418 1210 1354 245 1373 249 1440"/></Shape>
	    <String CONTENT="hoſte qui uiene ali nrī alber"
                    HPOS="245"
                    VPOS="1354"
                    WIDTH="976"
                    HEIGHT="116"></String>
          </TextLine>

          
          
          <TextLine ID="eSc_line_266b085b"
                    TAGREFS="LT1998"
                    BASELINE="258 1543 682 1518 1219 1511" 
                    HPOS="253"
                    VPOS="1436"
                    WIDTH="966"
                    HEIGHT="134">
            <Shape><Polygon POINTS="258 1570 662 1536 814 1536 824 1541 844 1551 846 1551 849 1551 975 1548 978 1548 980 1548 1000 1533 1181 1538 1184 1538 1186 1538 1189 1538 1219 1518 1219 1511 1214 1449 1179 1436 1176 1436 1174 1436 1047 1456 1040 1456 1035 1456 980 1441 978 1441 975 1441 973 1441 970 1441 950 1454 816 1446 814 1446 724 1464 652 1451 650 1451 647 1451 610 1469 608 1471 481 1474 479 1474 436 1459 434 1459 431 1459 429 1459 427 1459 407 1476 404 1476 397 1476 302 1464 300 1464 297 1464 253 1479 258 1543"/></Shape>
	    <String CONTENT="ghi. Come ſi moſtra elli nel"
                    HPOS="253"
                    VPOS="1436"
                    WIDTH="966"
                    HEIGHT="134"></String>
          </TextLine>

          
          
          <TextLine ID="eSc_line_237f1866"
                    TAGREFS="LT1998"
                    BASELINE="256 1626 1228 1605" 
                    HPOS="249"
                    VPOS="1544"
                    WIDTH="976"
                    HEIGHT="108">
            <Shape><Polygon POINTS="253 1652 1225 1652 1225 1604 1214 1544 249 1544 253 1623"/></Shape>
	    <String CONTENT="la faccia come forte ne laīo ⁊"
                    HPOS="249"
                    VPOS="1544"
                    WIDTH="976"
                    HEIGHT="108"></String>
          </TextLine>

          
          
          <TextLine ID="eSc_line_db6e728a"
                    TAGREFS="LT1998"
                    BASELINE="256 1696 332 1704 1214 1687" 
                    HPOS="249"
                    VPOS="1626"
                    WIDTH="961"
                    HEIGHT="112">
            <Shape><Polygon POINTS="253 1738 1207 1727 1210 1686 1199 1626 249 1630 253 1693"/></Shape>
	    <String CONTENT="ſofferente ne le bactaglie .Jo"
                    HPOS="249"
                    VPOS="1626"
                    WIDTH="961"
                    HEIGHT="112"></String>
          </TextLine>

          
          
          <TextLine ID="eSc_line_42deca26"
                    TAGREFS="LT1998"
                    BASELINE="245 1796 1228 1779" 
                    HPOS="243"
                    VPOS="1704"
                    WIDTH="985"
                    HEIGHT="117">
            <Shape><Polygon POINTS="245 1821 1228 1814 1228 1779 1226 1727 1161 1704 1159 1704 1109 1704 1107 1704 1104 1704 1102 1704 1079 1722 960 1707 958 1707 955 1707 953 1707 938 1719 660 1714 657 1714 655 1714 652 1714 620 1734 439 1727 436 1727 243 1742 245 1796"/></Shape>
	    <String CONTENT="credo certam̃te chelli ſia de la"
                    HPOS="243"
                    VPOS="1704"
                    WIDTH="985"
                    HEIGHT="117"></String>
          </TextLine>

          
          
          <TextLine ID="eSc_line_9afe7914"
                    TAGREFS="LT1998"
                    BASELINE="248 1886 1214 1866" 
                    HPOS="245"
                    VPOS="1801"
                    WIDTH="969"
                    HEIGHT="117">
            <Shape><Polygon POINTS="248 1900 362 1915 364 1915 367 1915 369 1915 389 1900 655 1893 665 1893 722 1918 724 1918 727 1918 729 1918 732 1918 767 1891 856 1913 859 1913 861 1913 1089 1910 1092 1910 1147 1883 1214 1878 1214 1866 1209 1814 970 1801 968 1801 965 1801 923 1816 782 1806 779 1806 687 1821 608 1809 605 1809 603 1809 561 1824 417 1814 414 1814 345 1828 275 1816 273 1816 270 1816 268 1816 245 1828 248 1886"/></Shape>
	    <String CONTENT="ſchiacta deli dij. la paura di"
                    HPOS="245"
                    VPOS="1801"
                    WIDTH="969"
                    HEIGHT="117"></String>
          </TextLine>

          
          
          <TextLine ID="eSc_line_74ec297c"
                    TAGREFS="LT1998"
                    BASELINE="250 1980 1211 1970" 
                    HPOS="248"
                    VPOS="1903"
                    WIDTH="963"
                    HEIGHT="107">
            <Shape><Polygon POINTS="250 2002 441 2010 444 2010 506 2000 553 1992 593 1997 652 2007 655 2007 747 1995 799 1990 896 1992 1104 2002 1107 2002 1109 2002 1112 2002 1132 1990 1139 1987 1206 1987 1211 1970 1206 1910 1084 1903 1082 1903 1079 1903 1045 1913 1030 1915 1017 1913 983 1903 980 1903 978 1903 893 1915 868 1918 851 1915 799 1905 796 1905 536 1920 533 1920 491 1908 489 1908 486 1908 484 1908 481 1908 481 1910 479 1910 469 1923 464 1923 369 1910 367 1910 248 1925 250 1980"/></Shape>
	    <String CONTENT="moſtra li captiui animi. Oy"
                    HPOS="248"
                    VPOS="1903"
                    WIDTH="963"
                    HEIGHT="107"></String>
          </TextLine>

          
          
          <TextLine ID="eSc_line_cc15a515"
                    TAGREFS="LT1998"
                    BASELINE="248 2074 1219 2059" 
                    HPOS="245"
                    VPOS="1987"
                    WIDTH="974"
                    HEIGHT="122">
            <Shape><Polygon POINTS="248 2092 471 2089 489 2104 489 2106 491 2106 494 2106 496 2109 538 2109 538 2106 541 2106 580 2087 585 2084 702 2084 737 2101 739 2101 742 2104 868 2104 868 2101 871 2101 873 2101 873 2099 896 2079 898 2079 958 2079 978 2097 978 2099 980 2099 983 2099 985 2101 1055 2101 1055 2099 1184 2097 1186 2097 1189 2097 1219 2077 1219 2059 1214 2005 973 1987 970 1987 968 1987 888 2007 839 1990 836 1990 834 1990 831 1990 829 1990 799 2010 796 2010 759 2010 588 2010 556 1995 553 1995 551 1995 548 1995 508 2015 506 2015 501 2015 407 1995 404 1995 402 1995 342 2017 340 2020 245 2020 248 2074"/></Shape>
	    <String CONTENT="me ĩ che fortuna fo coſtui gi"
                    HPOS="245"
                    VPOS="1987"
                    WIDTH="974"
                    HEIGHT="122"></String>
          </TextLine>

          
          
          <TextLine ID="eSc_line_28dbd17f"
                    TAGREFS="LT1998"
                    BASELINE="250 2164 1233 2154" 
                    HPOS="248"
                    VPOS="2082"
                    WIDTH="985"
                    HEIGHT="114">
            <Shape><Polygon POINTS="250 2178 287 2193 290 2193 292 2193 431 2181 439 2181 446 2181 528 2193 531 2193 533 2193 536 2193 551 2181 553 2178 558 2181 580 2193 583 2193 585 2196 692 2196 692 2193 695 2193 722 2183 742 2176 824 2183 901 2191 903 2191 906 2191 908 2191 908 2188 913 2183 923 2173 1005 2173 1231 2186 1233 2154 1231 2099 1189 2082 1186 2082 1184 2082 1112 2097 1037 2082 1035 2082 1032 2082 963 2099 945 2084 943 2084 940 2084 938 2084 829 2099 682 2087 680 2087 677 2087 675 2087 657 2101 585 2087 583 2087 580 2087 538 2101 496 2087 494 2087 491 2087 489 2087 486 2087 464 2106 248 2106 250 2164"/></Shape>
	    <String CONTENT="uncto. Et che bactaglie ſmiſu"
                    HPOS="248"
                    VPOS="2082"
                    WIDTH="985"
                    HEIGHT="114"></String>
          </TextLine>

          
          
          <TextLine ID="eSc_line_d0050bfb"
                    TAGREFS="LT1998"
                    BASELINE="248 2250 1199 2245" 
                    HPOS="245"
                    VPOS="2181"
                    WIDTH="954"
                    HEIGHT="114">
            <Shape><Polygon POINTS="248 2278 578 2278 585 2283 600 2295 603 2295 605 2295 608 2295 1196 2285 1199 2245 1194 2198 1055 2181 1052 2181 978 2196 913 2181 911 2181 908 2181 906 2181 849 2196 789 2181 787 2181 784 2181 782 2181 779 2181 759 2196 536 2183 533 2183 531 2183 528 2183 511 2198 327 2198 310 2186 307 2186 305 2186 302 2186 300 2186 245 2201 248 2250"/></Shape>
	    <String CONTENT="rate raccõtaua elli .Se colui"
                    HPOS="245"
                    VPOS="2181"
                    WIDTH="954"
                    HEIGHT="114"></String>
          </TextLine>

          
          
          <TextLine ID="eSc_line_e9314050"
                    TAGREFS="LT1998"
                    BASELINE="245 2350 1238 2345" 
                    HPOS="243"
                    VPOS="2270"
                    WIDTH="995"
                    HEIGHT="112">
            <Shape><Polygon POINTS="245 2367 548 2379 551 2379 921 2365 948 2365 963 2377 963 2379 965 2379 968 2379 970 2382 1164 2382 1164 2379 1236 2362 1238 2345 1233 2293 1196 2293 1171 2270 1169 2270 1166 2270 1164 2270 1161 2270 1122 2290 973 2270 970 2270 968 2270 921 2293 831 2293 774 2270 772 2270 769 2270 767 2270 710 2295 578 2295 548 2275 546 2275 543 2275 541 2275 538 2275 496 2290 479 2275 479 2273 476 2273 474 2273 372 2273 369 2273 367 2273 364 2273 337 2290 283 2273 280 2273 278 2273 275 2273 273 2273 243 2288 245 2350"/></Shape>
	    <String CONTENT="nõ foſſe ficto nel mio animo."
                    HPOS="243"
                    VPOS="2270"
                    WIDTH="995"
                    HEIGHT="112"></String>
          </TextLine>

          
          
          <TextLine ID="eSc_line_e611d08f"
                    TAGREFS="LT1998"
                    BASELINE="245 2444 1221 2444" 
                    HPOS="245"
                    VPOS="2369"
                    WIDTH="976"
                    HEIGHT="112">
            <Shape><Polygon POINTS="245 2461 273 2476 275 2476 278 2476 280 2476 283 2476 302 2464 985 2464 1000 2476 1000 2479 1003 2479 1005 2479 1007 2481 1179 2481 1179 2479 1181 2479 1221 2461 1221 2444 1221 2387 1179 2369 1176 2369 1174 2369 1171 2369 1124 2389 1077 2389 1057 2372 1057 2369 1055 2369 1052 2369 1050 2369 965 2387 965 2389 876 2389 876 2387 859 2372 859 2369 856 2369 854 2369 851 2369 769 2387 767 2389 647 2389 647 2387 615 2372 613 2372 610 2372 608 2372 578 2387 558 2369 556 2369 553 2369 551 2369 245 2384 245 2444"/></Shape>
	    <String CONTENT="⁊ nõ ſteſſe fermiſſimo. Jo nõ"
                    HPOS="245"
                    VPOS="2369"
                    WIDTH="976"
                    HEIGHT="112"></String>
          </TextLine>

          
          
          <TextLine ID="eSc_line_286ed2cd"
                    TAGREFS="LT1998"
                    BASELINE="248 2538 1256 2538" 
                    HPOS="248"
                    VPOS="2461"
                    WIDTH="1008"
                    HEIGHT="112">
            <Shape><Polygon POINTS="248 2553 320 2568 322 2568 325 2568 327 2568 347 2556 350 2556 657 2556 685 2563 719 2571 722 2571 724 2571 759 2563 784 2558 844 2566 898 2571 901 2571 903 2571 906 2571 906 2568 911 2566 918 2556 1027 2556 1047 2568 1050 2571 1052 2571 1055 2571 1057 2573 1256 2573 1256 2538 1256 2486 1144 2484 1129 2469 1127 2469 1124 2469 1122 2469 1032 2481 1012 2464 1012 2461 1010 2461 1007 2461 1005 2461 834 2481 742 2461 608 2461 605 2461 603 2461 548 2486 248 2486 248 2538"/></Shape>
	    <String CONTENT="mi uorrei cõiũgere cõ legam̃"
                    HPOS="248"
                    VPOS="2461"
                    WIDTH="1008"
                    HEIGHT="112"></String>
          </TextLine>

          
          
          <TextLine ID="eSc_line_6f0a8575"
                    TAGREFS="LT1998"
                    BASELINE="243 2628 1261 2623" 
                    HPOS="240"
                    VPOS="2553"
                    WIDTH="1021"
                    HEIGHT="92">
            <Shape><Polygon POINTS="243 2645 1261 2640 1261 2623 1258 2568 1206 2553 1204 2553 1201 2553 1092 2568 1077 2568 1055 2568 891 2553 888 2553 886 2553 883 2553 866 2566 821 2553 819 2553 816 2553 814 2553 811 2553 796 2568 794 2571 729 2573 342 2573 337 2568 327 2558 327 2556 325 2556 322 2556 320 2556 240 2566 243 2628"/></Shape>
	    <String CONTENT="di matrimonio cõ alcuno hõ."
                    HPOS="240"
                    VPOS="2553"
                    WIDTH="1021"
                    HEIGHT="92"
                    WC="0.9800586063286354"></String>
          </TextLine>

          
          
          <TextLine ID="eSc_line_e4355aad"
                    TAGREFS="LT1998"
                    BASELINE="248 2717 1233 2705" 
                    HPOS="245"
                    VPOS="2638"
                    WIDTH="988"
                    HEIGHT="116">
            <Shape><Polygon POINTS="248 2742 275 2754 278 2754 280 2754 283 2754 320 2742 345 2734 364 2742 369 2744 372 2744 374 2744 397 2742 489 2732 561 2742 620 2752 623 2752 625 2752 628 2752 640 2742 660 2727 841 2727 873 2742 881 2747 883 2747 886 2747 1084 2744 1087 2744 1089 2744 1089 2742 1112 2727 1137 2742 1137 2744 1139 2744 1142 2744 1144 2744 1233 2742 1233 2705 1228 2652 1154 2638 1151 2638 1047 2650 1027 2652 245 2650 248 2717"/></Shape>
	    <String CONTENT="Poy chel pͬͥmo amore mi fal"
                    HPOS="245"
                    VPOS="2638"
                    WIDTH="988"
                    HEIGHT="116"></String>
          </TextLine>

          
          
          <TextLine ID="eSc_line_5a0bcfbb"
                    TAGREFS="LT1998"
                    BASELINE="253 2804 1258 2794" 
                    HPOS="250"
                    VPOS="2727"
                    WIDTH="1008"
                    HEIGHT="116">
            <Shape><Polygon POINTS="253 2821 359 2821 407 2843 409 2843 412 2843 414 2843 459 2819 528 2819 571 2841 573 2841 575 2843 754 2843 754 2841 1020 2814 1134 2836 1137 2836 1139 2836 1142 2836 1164 2816 1258 2809 1258 2794 1253 2742 1174 2727 1171 2727 928 2742 712 2729 710 2729 707 2729 660 2744 652 2744 355 2732 352 2732 250 2747 253 2804"/></Shape>
	    <String CONTENT="lio ĩ gãnata ꝑ la morte aqͧͤſta"
                    HPOS="250"
                    VPOS="2727"
                    WIDTH="1008"
                    HEIGHT="116"></String>
          </TextLine>

          
          
          <TextLine ID="eSc_line_4ac77d47"
                    TAGREFS="LT1998"
                    BASELINE="245 2883 1256 2896" 
                    HPOS="243"
                    VPOS="2816"
                    WIDTH="1013"
                    HEIGHT="117">
            <Shape><Polygon POINTS="243 2908 258 2920 260 2920 263 2920 265 2920 268 2920 270 2920 287 2908 330 2928 332 2928 446 2930 791 2933 794 2933 896 2915 1179 2930 1181 2930 1253 2915 1256 2896 1256 2846 1035 2824 923 2824 921 2824 918 2824 916 2824 916 2826 901 2839 898 2841 499 2836 494 2831 481 2821 479 2821 476 2821 474 2821 412 2831 387 2834 377 2829 350 2816 347 2816 345 2816 245 2826 245 2883"/></Shape>
	    <String CONTENT="ſola colpa potrei io ĩchinar’."
                    HPOS="243"
                    VPOS="2816"
                    WIDTH="1013"
                    HEIGHT="117"></String>
          </TextLine>

          
          
          <TextLine ID="eSc_line_8537cb12"
                    TAGREFS="LT1998"
                    BASELINE="243 2975 1295 2982" 
                    HPOS="240"
                    VPOS="2910"
                    WIDTH="1055"
                    HEIGHT="107">
            <Shape><Polygon POINTS="240 2992 270 3005 273 3005 275 3005 347 2995 364 3010 364 3012 367 3012 369 3012 372 3012 374 3012 429 2997 593 3015 595 3015 598 3015 643 2997 705 3010 707 3010 995 3000 1102 3017 1104 3017 1293 2997 1295 2982 1295 2933 1216 2933 1214 2930 1181 2913 1179 2913 1176 2913 1174 2913 1124 2928 1119 2930 1112 2928 1072 2913 1070 2913 1067 2913 1065 2913 1032 2928 1025 2930 1012 2928 953 2910 950 2910 863 2910 861 2910 859 2910 856 2910 839 2923 831 2930 724 2930 710 2923 682 2910 680 2910 640 2910 638 2910 635 2910 633 2910 633 2913 623 2920 615 2928 243 2915 243 2975"/></Shape>
	    <String CONTENT="Certo da poy la morte di Sicheo."
                    HPOS="240"
                    VPOS="2910"
                    WIDTH="1055"
                    HEIGHT="107"
                    WC="0.9792221244424582"></String>
          </TextLine>

          
          
          <TextLine ID="eSc_line_3080044d"
                    TAGREFS="LT1998"
                    BASELINE="248 3067 1211 3072" 
                    HPOS="245"
                    VPOS="3000"
                    WIDTH="966"
                    HEIGHT="107">
            <Shape><Polygon POINTS="245 3084 355 3104 357 3107 603 3107 603 3104 695 3089 732 3102 734 3102 737 3102 1102 3092 1171 3107 1174 3107 1176 3107 1209 3089 1211 3072 1209 3022 953 3002 950 3002 948 3002 945 3002 923 3020 921 3022 762 3022 759 3020 734 3000 732 3000 729 3000 618 3000 615 3000 613 3000 573 3017 571 3017 479 3005 476 3005 394 3017 389 3017 387 3017 367 3000 364 3000 362 3000 359 3000 248 3015 248 3067"/></Shape>
	    <String CONTENT="coſtui pieg’de li miei ſenſi . ⁊"
                    HPOS="245"
                    VPOS="3000"
                    WIDTH="966"
                    HEIGHT="107"></String>
          </TextLine>

          
          
          <TextLine ID="eSc_line_a84126b1"
                    TAGREFS="LT1998"
                    BASELINE="243 3151 1211 3166" 
                    HPOS="240"
                    VPOS="3089"
                    WIDTH="971"
                    HEIGHT="104">
            <Shape><Polygon POINTS="240 3169 287 3183 290 3183 292 3183 494 3176 888 3193 891 3193 1209 3183 1211 3166 1211 3112 1194 3102 1191 3102 1189 3102 1186 3102 1060 3114 1052 3114 1050 3114 998 3099 995 3099 993 3099 901 3112 896 3112 886 3099 883 3099 883 3097 881 3097 878 3097 876 3097 806 3109 804 3109 571 3109 568 3107 541 3094 538 3094 536 3094 471 3104 466 3104 461 3104 402 3089 399 3089 397 3089 243 3099 243 3151"/></Shape>
	    <String CONTENT="il uano animo reſtrẽſe. io co"
                    HPOS="240"
                    VPOS="3089"
                    WIDTH="971"
                    HEIGHT="104"></String>
          </TextLine>

          
          
          <TextLine ID="eSc_line_aaec71b7"
                    TAGREFS="LT1998"
                    BASELINE="248 3241 1216 3255" 
                    HPOS="245"
                    VPOS="3174"
                    WIDTH="971"
                    HEIGHT="114">
            <Shape><Polygon POINTS="541 3260 583 3270 618 3278 620 3278 655 3270 690 3263 734 3270 804 3280 806 3280 876 3270 891 3268 921 3268 1174 3288 1176 3288 1179 3288 1214 3268 1216 3255 1216 3203 1089 3203 1082 3198 1060 3183 1057 3183 1055 3183 1052 3183 978 3196 948 3198 903 3193 816 3181 814 3181 777 3188 739 3196 573 3196 459 3179 409 3174 407 3174 382 3176 307 3188 250 3174 248 3241 245 3268"/></Shape>
	    <String CONTENT="gnoſco lorme della uecchia"
                    HPOS="245"
                    VPOS="3174"
                    WIDTH="971"
                    HEIGHT="114"></String>
          </TextLine>

          
          
          <TextLine ID="eSc_line_ca4c551d"
                    TAGREFS="LT1998"
                    BASELINE="248 3335 1231 3347" 
                    HPOS="245"
                    VPOS="3270"
                    WIDTH="986"
                    HEIGHT="107">
            <Shape><Polygon POINTS="245 3357 263 3367 265 3367 268 3367 270 3367 439 3357 1032 3377 1035 3377 1228 3365 1231 3347 1231 3298 923 3280 921 3280 918 3280 891 3288 876 3290 863 3285 841 3278 839 3278 836 3278 645 3280 330 3285 248 3270 248 3335"/></Shape>
	    <String CONTENT="fiãma. Ma io deſidero prima"
                    HPOS="245"
                    VPOS="3270"
                    WIDTH="986"
                    HEIGHT="107"></String>
          </TextLine>

          
          
          <TextLine ID="eSc_line_62d90114"
                    TAGREFS="LT1998"
                    BASELINE="253 3434 1258 3447" 
                    HPOS="250"
                    VPOS="3365"
                    WIDTH="1008"
                    HEIGHT="144">
            <Shape><Polygon POINTS="250 3494 255 3499 258 3499 258 3501 260 3501 263 3501 265 3501 436 3484 444 3484 451 3484 568 3504 839 3506 841 3506 844 3506 876 3494 931 3509 933 3509 935 3509 1256 3491 1258 3447 1258 3394 1196 3375 1194 3375 1191 3375 1084 3389 1067 3392 1050 3389 965 3372 963 3372 960 3372 926 3387 918 3389 876 3387 782 3377 779 3377 652 3382 558 3384 523 3380 446 3365 444 3365 253 3372 253 3434"/></Shape>
	    <String CONTENT="che la t’ra mi inioctiſca. o che"
                    HPOS="250"
                    VPOS="3365"
                    WIDTH="1008"
                    HEIGHT="144"></String>
          </TextLine>

          
        </TextBlock>
        
        <TextBlock HPOS="63"
                   VPOS="1121"
                   WIDTH="183"
                   HEIGHT="596"
                   ID="eSc_textblock_c1f80507"
                   TAGREFS="BT5817">
          <Shape><Polygon POINTS="63 1121 63 1717 246 1717 246 1222 232 1121"/></Shape>
          
          
          <TextLine ID="eSc_line_bf80ff17"
                    TAGREFS="LT1998"
                    BASELINE="64 1169 132 1162" 
                    HPOS="63"
                    VPOS="1124"
                    WIDTH="67"
                    HEIGHT="52">
            <Shape><Polygon POINTS="63 1168 63 1176 130 1172 130 1161 122 1124 93 1124"/></Shape>
	    <String CONTENT=".ii."
                    HPOS="63"
                    VPOS="1124"
                    WIDTH="67"
                    HEIGHT="52"></String>
          </TextLine>

          
          
          <TextLine ID="eSc_line_68afc31f"
                    TAGREFS="LT1998"
                    BASELINE="56 1210 215 1188 239 1183" 
                    HPOS="55"
                    VPOS="1120"
                    WIDTH="187"
                    HEIGHT="123">
            <Shape><Polygon POINTS="122 1165 85 1168 55 1209 59 1243 242 1209 238 1180 219 1120 141 1135 122 1165"/></Shape>
	    <String CONTENT="ꝑo che nel"
                    HPOS="55"
                    VPOS="1120"
                    WIDTH="187"
                    HEIGHT="123"></String>
          </TextLine>

          
          
          <TextLine ID="eSc_line_9663261b"
                    TAGREFS="LT1998"
                    BASELINE="42 1268 239 1259" 
                    HPOS="37"
                    VPOS="1198"
                    WIDTH="201"
                    HEIGHT="112">
            <Shape><Polygon POINTS="70 1198 37 1198 40 1265 40 1310 238 1276 238 1258 230 1202 96 1198 74 1202"/></Shape>
	    <String CONTENT="ſop̃no  ſappa"
                    HPOS="37"
                    VPOS="1198"
                    WIDTH="201"
                    HEIGHT="112"></String>
          </TextLine>

          
          
          <TextLine ID="eSc_line_c1940352"
                    TAGREFS="LT1998"
                    BASELINE="47 1330 239 1307" 
                    HPOS="37"
                    VPOS="1261"
                    WIDTH="201"
                    HEIGHT="108">
            <Shape><Polygon POINTS="44 1369 238 1336 238 1306 227 1261 37 1276 44 1328"/></Shape>
	    <String CONTENT="rio ſpauẽte"
                    HPOS="37"
                    VPOS="1261"
                    WIDTH="201"
                    HEIGHT="108"></String>
          </TextLine>

          
          
          <TextLine ID="eSc_line_c28df185"
                    TAGREFS="LT1998"
                    BASELINE="47 1389 230 1374" 
                    HPOS="42"
                    VPOS="1342"
                    WIDTH="188"
                    HEIGHT="70">
            <Shape><Polygon POINTS="47 1412 230 1409 230 1374 223 1342 42 1354 47 1389"/></Shape>
	    <String CONTENT="uole ymagi"
                    HPOS="42"
                    VPOS="1342"
                    WIDTH="188"
                    HEIGHT="70"></String>
          </TextLine>

          
          
          <TextLine ID="eSc_line_2294b98c"
                    TAGREFS="LT1998"
                    BASELINE="47 1449 227 1445" 
                    HPOS="40"
                    VPOS="1392"
                    WIDTH="183"
                    HEIGHT="78">
            <Shape><Polygon POINTS="44 1470 219 1466 223 1444 216 1399 40 1392 44 1448"/></Shape>
	    <String CONTENT="ne .che an"
                    HPOS="40"
                    VPOS="1392"
                    WIDTH="183"
                    HEIGHT="78"></String>
          </TextLine>

          
          
          <TextLine ID="eSc_line_a0a4c74e"
                    TAGREFS="LT1998"
                    BASELINE="42 1501 248 1491" 
                    HPOS="37"
                    VPOS="1446"
                    WIDTH="211"
                    HEIGHT="87">
            <Shape><Polygon POINTS="223 1446 186 1459 37 1449 42 1501 42 1533 153 1518 248 1523 248 1491 238 1446"/></Shape>
	    <String CONTENT="nũctiaua la"
                    HPOS="37"
                    VPOS="1446"
                    WIDTH="211"
                    HEIGHT="87"
                    WC="0.9517358243465424"></String>
          </TextLine>

          
          
          <TextLine ID="eSc_line_b04e949f"
                    TAGREFS="LT1998"
                    BASELINE="44 1568 225 1553" 
                    HPOS="39"
                    VPOS="1503"
                    WIDTH="186"
                    HEIGHT="112">
            <Shape><Polygon POINTS="49 1615 109 1593 225 1595 225 1553 215 1503 183 1521 166 1508 163 1508 161 1508 158 1508 156 1508 153 1508 116 1526 39 1521 44 1568"/></Shape>
	    <String CONTENT="ſua moͬte ſi"
                    HPOS="39"
                    VPOS="1503"
                    WIDTH="186"
                    HEIGHT="112"></String>
          </TextLine>

          
          
          <TextLine ID="eSc_line_84b09dcd"
                    TAGREFS="LT1998"
                    BASELINE="44 1630 245 1626" 
                    HPOS="37"
                    VPOS="1563"
                    WIDTH="205"
                    HEIGHT="97">
            <Shape><Polygon POINTS="40 1660 238 1652 242 1623 230 1563 37 1578 40 1626"/></Shape>
	    <String CONTENT="come foe il"
                    HPOS="37"
                    VPOS="1563"
                    WIDTH="205"
                    HEIGHT="97"></String>
          </TextLine>

          
          
          <TextLine ID="eSc_line_c3930d45"
                    TAGREFS="LT1998"
                    BASELINE="47 1694 223 1692 245 1694" 
                    HPOS="40"
                    VPOS="1637"
                    WIDTH="202"
                    HEIGHT="157">
            <Shape><Polygon POINTS="44 1794 242 1760 242 1693 238 1637 40 1637 44 1693"/></Shape>
	    <String CONTENT="morto marito"
                    HPOS="40"
                    VPOS="1637"
                    WIDTH="202"
                    HEIGHT="157"></String>
          </TextLine>

          
        </TextBlock>
        
        <TextBlock HPOS="1322"
                   VPOS="307"
                   WIDTH="1043"
                   HEIGHT="3157"
                   ID="eSc_textblock_2949b933"
                   TAGREFS="BT5816">
          <Shape><Polygon POINTS="1322 307 1322 1227 1515 1268 1508 1449 1322 1490 1322 3464 2365 3464 2365 307"/></Shape>
          
          
          <TextLine ID="eSc_line_adb8bf3f"
                    TAGREFS="LT1998"
                    BASELINE="1348 397 2271 384 2379 381" 
                    HPOS="1341"
                    VPOS="279"
                    WIDTH="1035"
                    HEIGHT="160">
            <Shape><Polygon POINTS="1344 416 1490 439 1493 439 1497 439 1557 420 1561 420 2373 424 2376 379 2373 312 2287 286 2283 286 2280 286 2276 286 2201 308 2183 312 2168 305 2116 279 2112 279 1941 279 1937 279 1933 279 1929 279 1900 301 1870 320 1777 301 1773 301 1546 323 1482 301 1479 301 1475 301 1471 301 1419 323 1341 286 1344 394"/></Shape>
	    <String CONTENT="lo oĩpotẽte padre Joue mi cac"
                    HPOS="1341"
                    VPOS="279"
                    WIDTH="1035"
                    HEIGHT="160"></String>
          </TextLine>

          
          
          <TextLine ID="eSc_line_e17c64a2"
                    TAGREFS="LT1998"
                    BASELINE="1345 486 2336 466" 
                    HPOS="1343"
                    VPOS="399"
                    WIDTH="993"
                    HEIGHT="132">
            <Shape><Polygon POINTS="1345 518 1561 531 1564 531 1566 531 1596 518 2202 518 2204 518 2333 501 2336 466 2331 411 2212 399 2209 399 2145 414 2135 416 2127 414 2087 402 2085 402 2083 402 2080 402 2023 416 2013 421 1747 424 1745 424 1715 409 1713 409 1710 409 1708 409 1705 409 1688 421 1675 411 1673 411 1670 411 1668 411 1606 424 1521 414 1519 414 1343 431 1345 486"/></Shape>
	    <String CONTENT="ci colla fulmine tra lombre"
                    HPOS="1343"
                    VPOS="399"
                    WIDTH="993"
                    HEIGHT="132"
                    WC="0.9674085577329"></String>
          </TextLine>

          
          
          <TextLine ID="eSc_line_2c5ddb7e"
                    TAGREFS="LT1998"
                    BASELINE="1350 583 2383 573" 
                    HPOS="1348"
                    VPOS="498"
                    WIDTH="1035"
                    HEIGHT="107">
            <Shape><Polygon POINTS="1350 605 2383 595 2383 573 2378 523 2194 498 2192 498 2189 498 2142 516 2080 501 2078 501 2075 501 2073 501 2023 521 2015 526 1901 526 1896 521 1871 501 1869 501 1867 501 1864 501 1862 501 1859 501 1827 521 1817 526 1799 521 1757 508 1755 508 1752 508 1638 518 1616 503 1613 503 1611 503 1608 503 1519 521 1489 526 1479 521 1464 506 1462 506 1459 506 1457 506 1348 518 1350 583"/></Shape>
	    <String CONTENT="del inferno. cheio caſtitade"
                    HPOS="1348"
                    VPOS="498"
                    WIDTH="1035"
                    HEIGHT="107"></String>
          </TextLine>

          
          
          <TextLine ID="eSc_line_c8bc90e6"
                    TAGREFS="LT1998"
                    BASELINE="1353 677 2338 667" 
                    HPOS="1350"
                    VPOS="600"
                    WIDTH="988"
                    HEIGHT="109">
            <Shape><Polygon POINTS="1971 615 1946 615 1921 615 1896 615 1871 615 1867 610 1827 610 1688 605 1685 605 1683 605 1658 612 1631 620 1591 615 1546 608 1544 608 1350 617 1353 677 1353 692 1467 709 1469 709 1472 709 1526 692 1529 689 1623 689 1628 689 1651 704 1653 704 1655 704 1658 704 1660 704 1663 704 1678 689 1680 689 1725 702 1727 702 1730 702 1869 687 1886 687 1899 687 2008 704 2011 704 2013 704 2070 687 2227 702 2229 702 2336 682 2338 667 2331 600 2083 617 1996 615"/></Shape>
	    <String CONTENT="rõpa te ⁊ le toe ragioni riſol"
                    HPOS="1350"
                    VPOS="600"
                    WIDTH="988"
                    HEIGHT="109"></String>
          </TextLine>

          
          
          <TextLine ID="eSc_line_9975825e"
                    TAGREFS="LT2001"
                    BASELINE="1864 612 2115 612" 
                    HPOS="1864"
                    VPOS="580"
                    WIDTH="251"
                    HEIGHT="57">
            <Shape><Polygon POINTS="1864 637 2115 632 2115 612 2115 580 1864 580 1864 612"/></Shape>
	    <String CONTENT="la caſtita."
                    HPOS="1864"
                    VPOS="580"
                    WIDTH="251"
                    HEIGHT="57"></String>
          </TextLine>

          
          
          <TextLine ID="eSc_line_bd556c26"
                    TAGREFS="LT1998"
                    BASELINE="1350 771 2343 756" 
                    HPOS="1348"
                    VPOS="679"
                    WIDTH="995"
                    HEIGHT="120">
            <Shape><Polygon POINTS="1350 784 1439 799 1442 799 1581 784 1588 784 1593 784 1675 799 1678 799 1680 799 1715 784 1720 779 1926 779 1931 781 1946 794 1948 794 1951 794 1953 794 1956 794 2001 781 2023 776 2043 781 2083 794 2085 794 2087 794 2343 779 2343 756 2333 679 2274 697 2234 682 2231 682 2229 682 2227 682 2224 682 2222 682 2169 704 2075 687 2050 684 2048 684 2045 684 2035 689 2003 707 1911 694 1857 687 1854 687 1852 687 1849 687 1837 697 1817 709 1727 699 1708 699 1705 699 1703 699 1698 702 1673 712 1633 704 1569 692 1566 692 1564 692 1521 707 1502 714 1454 709 1365 702 1363 702 1360 702 1358 702 1348 707 1350 771"/></Shape>
	    <String CONTENT="ua.colui me abbia ſeco. il qͧͣ"
                    HPOS="1348"
                    VPOS="679"
                    WIDTH="995"
                    HEIGHT="120"></String>
          </TextLine>

          
          
          <TextLine ID="eSc_line_02473d36"
                    TAGREFS="LT1998"
                    BASELINE="1348 868 2385 846" 
                    HPOS="1345"
                    VPOS="774"
                    WIDTH="1040"
                    HEIGHT="121">
            <Shape><Polygon POINTS="1348 883 1750 880 1802 895 1804 895 1807 895 1934 878 2008 890 2011 890 2013 890 2083 871 2333 883 2336 883 2338 883 2385 861 2385 846 2378 789 2289 789 2286 789 2266 774 2264 774 2261 774 2259 774 2068 791 1996 796 1971 791 1916 779 1914 779 1777 794 1678 804 1633 794 1591 786 1588 786 1586 786 1566 796 1549 804 1536 796 1526 789 1524 789 1521 789 1519 789 1516 789 1514 789 1507 796 1494 806 1479 796 1472 791 1469 791 1467 791 1464 791 1462 791 1449 796 1422 809 1402 796 1395 791 1392 791 1390 791 1387 791 1345 796 1348 868"/></Shape>
	    <String CONTENT="le miſe ꝯuĩſe ꝑ li pͬͥmi amori."
                    HPOS="1345"
                    VPOS="774"
                    WIDTH="1040"
                    HEIGHT="121"></String>
          </TextLine>

          
          
          <TextLine ID="eSc_line_d6cbee4d"
                    TAGREFS="LT1998"
                    BASELINE="1345 960 2393 945" 
                    HPOS="1343"
                    VPOS="885"
                    WIDTH="1050"
                    HEIGHT="105">
            <Shape><Polygon POINTS="1345 972 1514 990 1516 990 1519 990 1561 972 1564 972 1576 972 1849 985 1852 985 1854 985 1886 970 1889 970 1909 970 2182 980 2184 980 2393 965 2393 945 2388 888 1516 885 1514 885 1343 900 1345 960"/></Shape>
	    <String CONTENT="Coſi parlato il ſeno empieo di"
                    HPOS="1343"
                    VPOS="885"
                    WIDTH="1050"
                    HEIGHT="105"></String>
          </TextLine>

          
          
          <TextLine ID="eSc_line_138a18af"
                    TAGREFS="LT1998"
                    BASELINE="1345 1054 1625 1050" 
                    HPOS="1341"
                    VPOS="964"
                    WIDTH="283"
                    HEIGHT="137">
            <Shape><Polygon POINTS="1344 1086 1616 1101 1624 1049 1616 993 1479 964 1363 964 1359 964 1356 964 1352 964 1352 967 1348 967 1341 975 1344 1053"/></Shape>
	    <String CONTENT="lacͬͥme."
                    HPOS="1341"
                    VPOS="964"
                    WIDTH="283"
                    HEIGHT="137"></String>
          </TextLine>

          
          
          <TextLine ID="eSc_line_ddbb7f66"
                    TAGREFS="LT2000"
                    BASELINE="1629 1050 2346 1039" 
                    HPOS="1624"
                    VPOS="956"
                    WIDTH="719"
                    HEIGHT="142">
            <Shape><Polygon POINTS="1628 1098 2339 1064 2343 1038 2332 979 2045 979 2041 975 2022 960 2022 956 2019 956 2015 956 2011 956 2008 956 2004 956 1978 975 1974 979 1963 975 1903 956 1900 956 1896 956 1892 956 1847 975 1829 982 1821 975 1806 960 1803 960 1799 960 1795 960 1624 971 1628 1049"/></Shape>
	    <String CONTENT="Il cõſiglio che anna"
                    HPOS="1624"
                    VPOS="956"
                    WIDTH="719"
                    HEIGHT="142"></String>
          </TextLine>

          
          
          <TextLine ID="eSc_line_46bf3922"
                    TAGREFS="LT2000"
                    BASELINE="1348 1144 2380 1131" 
                    HPOS="1345"
                    VPOS="1057"
                    WIDTH="1035"
                    HEIGHT="129">
            <Shape><Polygon POINTS="1348 1161 1412 1186 1415 1186 1417 1186 1708 1183 1710 1183 1747 1166 1765 1156 2068 1156 2083 1168 2090 1176 2090 1178 2092 1178 2095 1178 2097 1178 2380 1171 2380 1131 2375 1069 2239 1057 2236 1057 2234 1057 2231 1057 2231 1059 2219 1069 2217 1074 2140 1074 2130 1069 2102 1059 2100 1059 1976 1059 1973 1059 1852 1074 1752 1084 1345 1079 1348 1144"/></Shape>
	    <String CONTENT="diede adido ⁊ del ſacͬͥfitio chel"
                    HPOS="1345"
                    VPOS="1057"
                    WIDTH="1035"
                    HEIGHT="129"></String>
          </TextLine>

          
          
          <TextLine ID="eSc_line_f76845fb"
                    TAGREFS="LT2000"
                    BASELINE="1348 1233 2020 1223" 
                    HPOS="1345"
                    VPOS="1158"
                    WIDTH="675"
                    HEIGHT="115">
            <Shape><Polygon POINTS="1348 1253 1588 1253 1598 1258 1618 1273 1621 1273 1623 1273 1626 1273 2020 1265 2020 1223 2015 1173 1852 1161 1849 1161 1847 1161 1814 1171 1804 1173 1799 1171 1790 1161 1790 1158 1787 1158 1785 1158 1725 1158 1723 1158 1720 1158 1695 1168 1675 1176 1529 1166 1462 1163 1459 1163 1457 1163 1452 1166 1427 1178 1345 1166 1348 1233"/></Shape>
	    <String CONTENT="le fecero alli dij."
                    HPOS="1345"
                    VPOS="1158"
                    WIDTH="675"
                    HEIGHT="115"></String>
          </TextLine>

          
          
          <TextLine ID="eSc_line_b4721d65"
                    TAGREFS="LT1998"
                    BASELINE="1520 1327 1765 1320 2385 1320" 
                    HPOS="1512"
                    VPOS="1243"
                    WIDTH="872"
                    HEIGHT="126">
            <Shape><Polygon POINTS="1516 1369 2380 1358 2384 1317 2380 1247 1512 1243 1516 1325"/></Shape>
	    <String CONTENT="Nna dice. O ſerocchia piu"
                    HPOS="1512"
                    VPOS="1243"
                    WIDTH="872"
                    HEIGHT="126"></String>
          </TextLine>

          
          
          <TextLine ID="eSc_line_2e6f9d48"
                    TAGREFS="LT1998"
                    BASELINE="1503 1423 2415 1409" 
                    HPOS="1497"
                    VPOS="1328"
                    WIDTH="917"
                    HEIGHT="116">
            <Shape><Polygon POINTS="1501 1440 2410 1444 2414 1407 2406 1343 2030 1328 2026 1328 1497 1354 1501 1421"/></Shape>
	    <String CONTENT="amata dame che la uita."
                    HPOS="1497"
                    VPOS="1328"
                    WIDTH="917"
                    HEIGHT="116"
                    WC="0.9905030053594838"></String>
          </TextLine>

          
          
          <TextLine ID="eSc_line_519100d3"
                    TAGREFS="LT1998"
                    BASELINE="1368 1512 2373 1493" 
                    HPOS="1363"
                    VPOS="1425"
                    WIDTH="1006"
                    HEIGHT="123">
            <Shape><Polygon POINTS="1367 1548 2369 1526 2369 1492 2358 1425 1363 1440 1367 1511"/></Shape>
	    <String CONTENT="conſolala ⁊ cõfortala chella"
                    HPOS="1363"
                    VPOS="1425"
                    WIDTH="1006"
                    HEIGHT="123"></String>
          </TextLine>

          
          
          <TextLine ID="eSc_line_a5025627"
                    TAGREFS="LT1998"
                    BASELINE="1343 1605 2348 1588" 
                    HPOS="1340"
                    VPOS="1521"
                    WIDTH="1008"
                    HEIGHT="114">
            <Shape><Polygon POINTS="1343 1635 1921 1613 1986 1615 2135 1623 2137 1623 2199 1608 2207 1608 2214 1608 2301 1620 2303 1620 2306 1620 2348 1603 2348 1588 2341 1521 1340 1543 1343 1605"/></Shape>
	    <String CONTENT="uſi matrimonio dicẽno nõ"
                    HPOS="1340"
                    VPOS="1521"
                    WIDTH="1008"
                    HEIGHT="114"></String>
          </TextLine>

          
          
          <TextLine ID="eSc_line_2299b8c4"
                    TAGREFS="LT1998"
                    BASELINE="1345 1690 2395 1670" 
                    HPOS="1343"
                    VPOS="1603"
                    WIDTH="1052"
                    HEIGHT="124">
            <Shape><Polygon POINTS="1345 1727 2393 1697 2395 1670 2393 1618 2338 1603 2336 1603 2333 1603 1998 1623 1911 1613 1909 1613 1680 1627 1606 1615 1603 1615 1601 1615 1598 1615 1574 1632 1343 1635 1345 1690"/></Shape>
	    <String CONTENT="curare lanimo ⁊ nõ curare la"
                    HPOS="1343"
                    VPOS="1603"
                    WIDTH="1052"
                    HEIGHT="124"></String>
          </TextLine>

          
          
          <TextLine ID="eSc_line_69c498d7"
                    TAGREFS="LT1998"
                    BASELINE="1343 1776 2371 1759" 
                    HPOS="1340"
                    VPOS="1690"
                    WIDTH="1031"
                    HEIGHT="126">
            <Shape><Polygon POINTS="1343 1796 1372 1814 1375 1814 1474 1816 1477 1816 1643 1789 1909 1789 1926 1804 1929 1804 1931 1804 2073 1806 2075 1806 2371 1779 2371 1759 2366 1702 2316 1690 2313 1690 2227 1704 2217 1704 2212 1704 2174 1692 2172 1692 2169 1692 2167 1692 2164 1692 2145 1704 2140 1709 2038 1709 2023 1707 1951 1694 1948 1694 1946 1694 1943 1694 1921 1709 1916 1712 1901 1709 1834 1697 1832 1697 1829 1697 1785 1712 1775 1717 1663 1717 1660 1714 1638 1699 1636 1699 1633 1699 1631 1699 1628 1699 1596 1717 1591 1719 1340 1719 1343 1776"/></Shape>
	    <String CONTENT="cẽnere de morti. Et ꝑo che nõ"
                    HPOS="1340"
                    VPOS="1690"
                    WIDTH="1031"
                    HEIGHT="126"></String>
          </TextLine>

          
          
          <TextLine ID="eSc_line_bc614a4e"
                    TAGREFS="LT1998"
                    BASELINE="1340 1866 2346 1851" 
                    HPOS="1338"
                    VPOS="1786"
                    WIDTH="1008"
                    HEIGHT="127">
            <Shape><Polygon POINTS="1340 1913 1943 1905 1946 1905 1948 1905 1948 1903 1961 1893 1968 1883 2013 1881 2212 1881 2219 1883 2246 1898 2249 1898 2251 1898 2346 1878 2346 1851 2338 1789 2224 1799 2177 1791 2142 1786 2140 1786 2105 1794 2068 1801 2043 1794 2013 1786 2011 1786 2008 1786 2006 1786 2003 1786 1991 1796 1978 1804 1921 1799 1857 1791 1854 1791 1852 1791 1849 1791 1837 1801 1827 1806 1795 1801 1735 1791 1732 1791 1730 1791 1700 1804 1695 1806 1693 1804 1675 1791 1673 1791 1670 1791 1668 1791 1665 1791 1623 1806 1611 1809 1601 1806 1559 1794 1556 1794 1554 1794 1551 1794 1549 1794 1549 1796 1536 1809 1534 1809 1519 1809 1412 1799 1410 1799 1338 1811 1340 1866"/></Shape>
	    <String CONTENT="auea figlioli. ⁊ ꝑo che dagẽ"
                    HPOS="1338"
                    VPOS="1786"
                    WIDTH="1008"
                    HEIGHT="127"></String>
          </TextLine>

          
          
          <TextLine ID="eSc_line_25b26dff"
                    TAGREFS="LT1998"
                    BASELINE="1340 1970 2343 1950" 
                    HPOS="1338"
                    VPOS="1891"
                    WIDTH="1005"
                    HEIGHT="114">
            <Shape><Polygon POINTS="1340 1987 1775 1982 1785 1990 1799 2002 1799 2005 1802 2005 1804 2005 1807 2005 2343 1990 2343 1950 2336 1891 1338 1908 1340 1970"/></Shape>
	    <String CONTENT="te crudele era intoniata. Et"
                    HPOS="1338"
                    VPOS="1891"
                    WIDTH="1005"
                    HEIGHT="114"
                    WC="0.9758439447198596"></String>
          </TextLine>

          
          
          <TextLine ID="eSc_line_ee1d1394"
                    TAGREFS="LT1998"
                    BASELINE="1345 2059 2356 2042" 
                    HPOS="1343"
                    VPOS="1982"
                    WIDTH="1013"
                    HEIGHT="122">
            <Shape><Polygon POINTS="1345 2104 2236 2077 2241 2077 2294 2087 2296 2087 2356 2072 2356 2042 2351 1990 1859 1982 1857 1982 1757 1997 1633 1985 1631 1985 1628 1985 1571 2000 1489 1987 1487 1987 1484 1987 1482 1987 1457 2002 1360 1992 1358 1992 1355 1992 1353 1992 1343 2000 1345 2059"/></Shape>
	    <String CONTENT="ꝑo che forſe coſtui guidando"
                    HPOS="1343"
                    VPOS="1982"
                    WIDTH="1013"
                    HEIGHT="122"></String>
          </TextLine>

          
          
          <TextLine ID="eSc_line_2bf6a580"
                    TAGREFS="LT1998"
                    BASELINE="1335 2151 2371 2136" 
                    HPOS="1333"
                    VPOS="2072"
                    WIDTH="1038"
                    HEIGHT="121">
            <Shape><Polygon POINTS="1335 2176 1372 2193 1375 2193 1377 2193 1638 2191 1641 2191 1680 2171 1723 2188 1725 2188 1727 2191 1852 2191 1852 2188 1978 2186 1981 2186 2023 2164 2028 2161 2368 2159 2371 2136 2366 2082 2192 2072 2189 2072 2187 2072 2184 2072 2169 2084 2167 2084 2152 2084 2055 2074 2053 2074 2050 2074 2006 2087 1998 2087 1988 2087 1929 2077 1926 2077 1333 2094 1335 2151"/></Shape>
	    <String CONTENT="lo li dij arriuœ ale nͦ̾ͭre ꝯtra"
                    HPOS="1333"
                    VPOS="2072"
                    WIDTH="1038"
                    HEIGHT="121"></String>
          </TextLine>

          
          
          <TextLine ID="eSc_line_a4c234be"
                    TAGREFS="LT1998"
                    BASELINE="1343 2245 2366 2231" 
                    HPOS="1340"
                    VPOS="2161"
                    WIDTH="1026"
                    HEIGHT="127">
            <Shape><Polygon POINTS="1343 2268 1509 2288 1511 2288 2068 2278 2070 2278 2073 2278 2102 2258 2194 2258 2276 2258 2308 2273 2311 2273 2313 2273 2316 2273 2366 2253 2366 2231 2363 2176 2321 2161 2318 2161 2316 2161 2172 2176 2023 2164 2020 2164 2018 2164 2015 2164 2015 2166 2001 2178 1879 2166 1876 2166 1874 2166 1834 2181 1782 2168 1780 2168 1777 2168 1536 2183 1516 2171 1514 2171 1511 2171 1509 2171 1340 2188 1343 2245"/></Shape>
	    <String CONTENT="te. Et ꝯ queſte parole acceſe"
                    HPOS="1340"
                    VPOS="2161"
                    WIDTH="1026"
                    HEIGHT="127"></String>
          </TextLine>

          
          
          <TextLine ID="eSc_line_e044ce5d"
                    TAGREFS="LT1998"
                    BASELINE="1340 2340 2385 2325" 
                    HPOS="1338"
                    VPOS="2253"
                    WIDTH="1047"
                    HEIGHT="119">
            <Shape><Polygon POINTS="1340 2365 1531 2360 1544 2362 1596 2372 1598 2372 1601 2372 1603 2372 1603 2369 1616 2360 1618 2357 1626 2360 1663 2369 1665 2369 1668 2369 1670 2369 1708 2357 1730 2352 1767 2357 1832 2365 1834 2365 1837 2365 1876 2355 1894 2350 1911 2355 1958 2367 1961 2367 1963 2367 2199 2365 2202 2365 2204 2365 2204 2362 2224 2347 2227 2345 2241 2347 2316 2357 2318 2357 2385 2342 2385 2325 2380 2273 2303 2253 2301 2253 2207 2270 2197 2273 2187 2270 2127 2255 2125 2255 2122 2255 1946 2270 1859 2278 1802 2270 1730 2260 1727 2260 1680 2270 1628 2280 1338 2270 1340 2340"/></Shape>
	    <String CONTENT="lanimo di dido ⁊ ĩ fiãmo da"
                    HPOS="1338"
                    VPOS="2253"
                    WIDTH="1047"
                    HEIGHT="119"></String>
          </TextLine>

          
          
          <TextLine ID="eSc_line_351d6662"
                    TAGREFS="LT1998"
                    BASELINE="1343 2441 2346 2429" 
                    HPOS="1340"
                    VPOS="2365"
                    WIDTH="1006"
                    HEIGHT="111">
            <Shape><Polygon POINTS="1343 2456 1616 2454 1618 2454 1641 2474 1643 2474 1646 2474 1648 2476 1742 2476 1742 2474 1745 2474 1804 2459 1881 2471 1884 2471 2015 2469 2018 2469 2020 2469 2020 2466 2035 2454 2162 2461 2164 2461 2167 2461 2169 2461 2189 2446 2313 2466 2316 2466 2318 2466 2321 2466 2346 2444 2346 2429 2341 2372 1564 2365 1561 2365 1559 2365 1556 2365 1539 2379 1526 2369 1524 2369 1521 2369 1519 2369 1340 2382 1343 2441"/></Shape>
	    <String CONTENT="more. ⁊ ala dobioſam̃te die"
                    HPOS="1340"
                    VPOS="2365"
                    WIDTH="1006"
                    HEIGHT="111"></String>
          </TextLine>

          
          
          <TextLine ID="eSc_line_ad6a2ded"
                    TAGREFS="LT1998"
                    BASELINE="1343 2533 2361 2516" 
                    HPOS="1337"
                    VPOS="2438"
                    WIDTH="1021"
                    HEIGHT="141">
            <Shape><Polygon POINTS="1341 2579 2354 2553 2358 2512 2347 2438 1337 2460 1341 2531"/></Shape>
	    <String CONTENT="di ſꝑança ⁊ cacciœ la uergõ"
                    HPOS="1337"
                    VPOS="2438"
                    WIDTH="1021"
                    HEIGHT="141"></String>
          </TextLine>

          
          
          <TextLine ID="eSc_line_7664acbf"
                    TAGREFS="LT1998"
                    BASELINE="1335 2628 2346 2613" 
                    HPOS="1333"
                    VPOS="2553"
                    WIDTH="1013"
                    HEIGHT="107">
            <Shape><Polygon POINTS="1335 2660 1521 2642 1554 2655 1559 2657 1561 2657 1564 2660 1668 2660 1668 2657 1670 2657 1688 2652 1727 2640 1797 2650 1837 2655 1839 2655 1929 2647 2048 2635 2343 2635 2346 2613 2338 2553 1333 2571 1335 2628"/></Shape>
	    <String CONTENT="ya.⁊ nel ꝯm̃çam̃to uẽneno"
                    HPOS="1333"
                    VPOS="2553"
                    WIDTH="1013"
                    HEIGHT="107"></String>
          </TextLine>

          
          
          <TextLine ID="eSc_line_57cc3847"
                    TAGREFS="LT1998"
                    BASELINE="1335 2707 2326 2700" 
                    HPOS="1333"
                    VPOS="2630"
                    WIDTH="993"
                    HEIGHT="109">
            <Shape><Polygon POINTS="1335 2739 2323 2732 2326 2700 2318 2630 1978 2645 1884 2640 1790 2633 1787 2633 1700 2642 1658 2647 1601 2645 1397 2635 1395 2635 1392 2635 1333 2650 1335 2707"/></Shape>
	    <String CONTENT="alli altari ⁊ ĩ pongonui ſacͬͥ"
                    HPOS="1333"
                    VPOS="2630"
                    WIDTH="993"
                    HEIGHT="109"></String>
          </TextLine>

          
          
          <TextLine ID="eSc_line_e6f02359"
                    TAGREFS="LT1998"
                    BASELINE="1338 2799 2266 2786 2361 2789" 
                    HPOS="1333"
                    VPOS="2717"
                    WIDTH="1025"
                    HEIGHT="126">
            <Shape><Polygon POINTS="1337 2821 1654 2843 1657 2843 1981 2817 2011 2836 2015 2836 2019 2836 2022 2836 2112 2817 2212 2836 2216 2836 2358 2810 2358 2788 2350 2717 1333 2732 1337 2795"/></Shape>
	    <String CONTENT="ficij. Oy me deli diuini men"
                    HPOS="1333"
                    VPOS="2717"
                    WIDTH="1025"
                    HEIGHT="126"></String>
          </TextLine>

          
          
          <TextLine ID="eSc_line_3adf13e1"
                    TAGREFS="LT1998"
                    BASELINE="1335 2888 2358 2873" 
                    HPOS="1333"
                    VPOS="2806"
                    WIDTH="1025"
                    HEIGHT="119">
            <Shape><Polygon POINTS="1335 2906 1502 2925 1504 2925 1780 2920 1782 2920 1785 2920 1785 2918 1802 2903 1802 2901 1864 2901 1876 2901 1971 2918 1973 2918 1976 2918 2013 2901 2018 2898 2058 2901 2284 2913 2286 2913 2358 2896 2358 2873 2351 2811 2197 2819 2162 2814 2107 2806 2105 2806 2102 2806 2078 2816 2065 2821 2048 2816 2006 2806 2003 2806 2001 2806 1723 2824 1638 2831 1516 2831 1514 2829 1497 2814 1494 2814 1492 2814 1489 2814 1487 2814 1457 2831 1454 2831 1444 2831 1365 2819 1363 2819 1360 2819 1333 2829 1335 2888"/></Shape>
	    <String CONTENT="tie lignorãti de qͧͣllo che e a"
                    HPOS="1333"
                    VPOS="2806"
                    WIDTH="1025"
                    HEIGHT="119"></String>
          </TextLine>

          
          
          <TextLine ID="eSc_line_9bba36b0"
                    TAGREFS="LT1998"
                    BASELINE="1333 2982 2371 2968" 
                    HPOS="1330"
                    VPOS="2896"
                    WIDTH="1041"
                    HEIGHT="111">
            <Shape><Polygon POINTS="1333 3000 1755 2995 1760 2995 1849 3007 1852 3007 1931 2992 2011 3005 2013 3005 2130 2990 2346 3000 2348 3000 2351 3000 2353 3000 2371 2985 2371 2968 2368 2910 2331 2896 2328 2896 2326 2896 2323 2896 2271 2910 2269 2910 2145 2898 2142 2898 2140 2898 2137 2898 2137 2901 2122 2913 2050 2901 2048 2901 2045 2901 1988 2915 1983 2915 1971 2915 1849 2906 1847 2906 1757 2918 1742 2906 1742 2903 1740 2903 1737 2903 1673 2903 1670 2903 1668 2903 1633 2920 1631 2920 1613 2920 1385 2908 1382 2908 1380 2908 1330 2920 1333 2982"/></Shape>
	    <String CONTENT="uenire. Che giouano loro li"
                    HPOS="1330"
                    VPOS="2896"
                    WIDTH="1041"
                    HEIGHT="111"
                    WC="0.9519694778654311"></String>
          </TextLine>

          
          
          <TextLine ID="eSc_line_9f210a73"
                    TAGREFS="LT1998"
                    BASELINE="1335 3072 2328 3064" 
                    HPOS="1333"
                    VPOS="2995"
                    WIDTH="995"
                    HEIGHT="99">
            <Shape><Polygon POINTS="1335 3089 2323 3094 2328 3064 2323 3010 2112 2995 2110 2995 2048 3007 2008 2995 2006 2995 2003 2995 2001 2995 1968 3010 1765 2997 1762 2997 1760 2997 1757 2997 1742 3010 1576 3000 1574 3000 1571 3000 1569 3000 1554 3015 1333 3015 1335 3072"/></Shape>
	    <String CONTENT="tẽpi ĩ fine che la morbida"
                    HPOS="1333"
                    VPOS="2995"
                    WIDTH="995"
                    HEIGHT="99"></String>
          </TextLine>

          
          
          <TextLine ID="eSc_line_ed142c87"
                    TAGREFS="LT1998"
                    BASELINE="1335 3171 1785 3161 2371 3166" 
                    HPOS="1333"
                    VPOS="3089"
                    WIDTH="1038"
                    HEIGHT="114">
            <Shape><Polygon POINTS="1338 3203 1400 3188 1432 3201 1435 3201 1437 3201 1569 3188 1695 3188 1710 3198 1710 3201 1713 3201 1715 3201 1718 3201 2368 3188 2371 3166 2368 3107 2217 3089 2214 3089 2212 3089 2209 3089 2192 3104 2043 3094 2040 3094 2038 3094 1993 3107 1909 3092 1906 3092 1405 3107 1353 3092 1350 3092 1348 3092 1345 3092 1343 3092 1343 3094 1340 3094 1333 3102 1335 3171"/></Shape>
	    <String CONTENT="fiam̃a manuca le medolla"
                    HPOS="1333"
                    VPOS="3089"
                    WIDTH="1038"
                    HEIGHT="114"></String>
          </TextLine>

          
          
          <TextLine ID="eSc_line_28ff7c11"
                    TAGREFS="LT1998"
                    BASELINE="1325 3255 2338 3243" 
                    HPOS="1323"
                    VPOS="3183"
                    WIDTH="1015"
                    HEIGHT="112">
            <Shape><Polygon POINTS="1325 3280 1509 3295 1511 3295 2117 3285 2120 3285 2122 3285 2142 3273 2241 3285 2244 3285 2338 3268 2338 3243 2331 3183 1323 3183 1325 3255"/></Shape>
	    <String CONTENT="⁊ che la ſecreta ferita de a"
                    HPOS="1323"
                    VPOS="3183"
                    WIDTH="1015"
                    HEIGHT="112"></String>
          </TextLine>

          
          
          <TextLine ID="eSc_line_7ca4ed2b"
                    TAGREFS="LT1998"
                    BASELINE="1338 3350 2375 3340" 
                    HPOS="1335"
                    VPOS="3268"
                    WIDTH="1040"
                    HEIGHT="119">
            <Shape><Polygon POINTS="1338 3387 1536 3384 1539 3384 1546 3382 1596 3365 1688 3365 1703 3377 1705 3377 1708 3377 1710 3377 1723 3377 1874 3365 1889 3372 1899 3380 1901 3380 1904 3380 1906 3382 1986 3382 1986 3380 1988 3380 1991 3380 1991 3377 2001 3370 2011 3362 2112 3365 2276 3372 2279 3372 2373 3357 2375 3340 2373 3288 2321 3268 2318 3268 2316 3268 2313 3268 2244 3285 2222 3268 2219 3268 2217 3268 2137 3268 2135 3268 2006 3285 1879 3270 1876 3270 1874 3270 1871 3270 1847 3290 1787 3278 1785 3278 1335 3295 1338 3350"/></Shape>
	    <String CONTENT="more uiue nel pecto. Arde"
                    HPOS="1335"
                    VPOS="3268"
                    WIDTH="1040"
                    HEIGHT="119"></String>
          </TextLine>

          
          
          <TextLine ID="eSc_line_8b45bace"
                    TAGREFS="LT1998"
                    BASELINE="1315 3447 2363 3442" 
                    HPOS="1313"
                    VPOS="3367"
                    WIDTH="1050"
                    HEIGHT="134">
            <Shape><Polygon POINTS="1318 3496 1350 3481 1422 3496 1437 3499 1439 3499 1442 3499 1444 3499 1447 3496 1469 3481 1631 3481 1713 3496 1740 3501 1742 3501 1745 3501 1757 3496 1795 3481 2013 3496 2048 3499 2050 3499 2053 3499 2058 3496 2095 3479 2130 3496 2132 3499 2135 3499 2137 3499 2363 3496 2363 3442 2358 3382 1998 3367 1996 3367 1772 3382 1665 3370 1663 3370 1660 3370 1613 3384 1608 3384 1598 3384 1467 3370 1464 3370 1462 3370 1459 3370 1444 3384 1313 3384 1315 3447"/></Shape>
	    <String CONTENT="ua la diſuentorata Dido. ⁊"
                    HPOS="1313"
                    VPOS="3367"
                    WIDTH="1050"
                    HEIGHT="134"></String>
          </TextLine>

          
        </TextBlock>
        
        <TextBlock HPOS="1292"
                   VPOS="1253"
                   WIDTH="205"
                   HEIGHT="205"
                   ID="eSc_textblock_a8260359"
                   TAGREFS="BT5815">
          <Shape><Polygon POINTS="1292 1253 1292 1303 1292 1458 1497 1458 1497 1253"/></Shape>
          
          
          <TextLine ID="eSc_line_7e726738"
                    TAGREFS="LT1999"
                    BASELINE="1321 1438 1324 1438 1343 1438 1385 1438 1490 1438 1497 1441" 
                    HPOS="1301"
                    VPOS="1259"
                    WIDTH="192"
                    HEIGHT="211">
            <Shape><Polygon POINTS="1315 1470 1490 1462 1493 1440 1493 1268 1458 1259 1399 1265 1362 1263 1337 1260 1301 1271 1318 1436"/></Shape>
	    <String CONTENT="A"
                    HPOS="1301"
                    VPOS="1259"
                    WIDTH="192"
                    HEIGHT="211"></String>
          </TextLine>

          
        </TextBlock>
        
        <TextBlock HPOS="2388"
                   VPOS="260"
                   WIDTH="577"
                   HEIGHT="286"
                   ID="eSc_textblock_a83cbd01"
                   TAGREFS="BT5817">
          <Shape><Polygon POINTS="2388 260 2388 546 2965 546 2965 260"/></Shape>
          
          
          <TextLine ID="eSc_line_17bac385"
                    TAGREFS="LT1998"
                    BASELINE="2428 320 2492 320" 
                    HPOS="2425"
                    VPOS="260"
                    WIDTH="63"
                    HEIGHT="71">
            <Shape><Polygon POINTS="2451 260 2425 260 2425 316 2425 327 2484 331 2488 316 2484 260 2462 260"/></Shape>
	    <String CONTENT=".I."
                    HPOS="2425"
                    VPOS="260"
                    WIDTH="63"
                    HEIGHT="71"></String>
          </TextLine>

          
          
          <TextLine ID="eSc_line_68b848b4"
                    TAGREFS="LT1998"
                    BASELINE="2419 387 2954 362" 
                    HPOS="2414"
                    VPOS="286"
                    WIDTH="536"
                    HEIGHT="134">
            <Shape><Polygon POINTS="2417 409 2566 420 2570 420 2574 420 2578 420 2578 416 2589 409 2600 394 2876 387 2943 402 2950 361 2943 301 2708 286 2704 286 2701 286 2637 301 2581 316 2537 305 2503 294 2499 294 2496 294 2492 294 2488 294 2477 305 2451 320 2414 305 2417 383 2417 409"/></Shape>
	    <String CONTENT="Qũ Joue fa uẽdecta de"
                    HPOS="2414"
                    VPOS="286"
                    WIDTH="536"
                    HEIGHT="134"></String>
          </TextLine>

          
          
          <TextLine ID="eSc_line_ec72329f"
                    TAGREFS="LT1998"
                    BASELINE="2380 449 2517 439 2956 439" 
                    HPOS="2378"
                    VPOS="374"
                    WIDTH="578"
                    HEIGHT="114">
            <Shape><Polygon POINTS="2380 478 2574 466 2591 481 2591 483 2594 483 2596 483 2599 483 2614 483 2750 466 2793 486 2795 486 2798 486 2800 488 2954 488 2956 439 2954 402 2917 402 2892 377 2892 374 2889 374 2887 374 2765 374 2763 374 2760 374 2758 374 2716 402 2681 379 2678 379 2676 379 2599 377 2596 377 2594 377 2591 377 2557 402 2420 389 2418 389 2415 389 2378 404 2380 449"/></Shape>
	    <String CONTENT="alcuno che ſia alluy ĩ odio"
                    HPOS="2378"
                    VPOS="374"
                    WIDTH="578"
                    HEIGHT="114"></String>
          </TextLine>

          
          
          <TextLine ID="eSc_line_bf894184"
                    TAGREFS="LT1998"
                    BASELINE="2378 516 2870 508" 
                    HPOS="2375"
                    VPOS="451"
                    WIDTH="495"
                    HEIGHT="112">
            <Shape><Polygon POINTS="2378 560 2470 563 2472 563 2475 563 2490 560 2542 545 2594 558 2611 560 2614 560 2780 555 2783 555 2785 555 2788 553 2800 543 2865 550 2870 508 2862 471 2738 471 2706 451 2703 451 2701 451 2644 451 2641 451 2639 451 2604 469 2564 451 2562 451 2559 451 2557 451 2554 451 2527 476 2524 476 2410 454 2408 454 2405 454 2403 454 2375 471 2378 516"/></Shape>
	    <String CONTENT="ſil fece di fulgure."
                    HPOS="2375"
                    VPOS="451"
                    WIDTH="495"
                    HEIGHT="112"></String>
          </TextLine>

          
        </TextBlock>
        
        <TextBlock HPOS="2807"
                   VPOS="119"
                   WIDTH="87"
                   HEIGHT="77"
                   ID="eSc_textblock_b8f44f9f"
                   TAGREFS="BT5819">
          <Shape><Polygon POINTS="2894 186 2807 196 2807 129 2862 119"/></Shape>
          
          
          <TextLine ID="eSc_line_6aa57b1f"
                    TAGREFS="LT1998"
                    BASELINE="2814 182 2823 182 2871 184 2878 184" 
                    HPOS="2809"
                    VPOS="119"
                    WIDTH="67"
                    HEIGHT="108">
            <Shape><Polygon POINTS="2846 119 2812 126 2812 178 2809 227 2872 212 2876 182 2872 174 2850 119"/></Shape>
	    <String CONTENT="16"
                    HPOS="2809"
                    VPOS="119"
                    WIDTH="67"
                    HEIGHT="108"
                    WC="0.8303519785404205"></String>
          </TextLine>

          
        </TextBlock>
        
        <TextBlock HPOS="2388"
                   VPOS="2427"
                   WIDTH="577"
                   HEIGHT="425"
                   ID="eSc_textblock_c47e6f35"
                   TAGREFS="BT5817">
          <Shape><Polygon POINTS="2388 2427 2388 2852 2965 2852 2965 2427"/></Shape>
          
          
          <TextLine ID="eSc_line_2d5bc8f3"
                    TAGREFS="LT1998"
                    BASELINE="2396 2515 2956 2506" 
                    HPOS="2391"
                    VPOS="2408"
                    WIDTH="563"
                    HEIGHT="145">
            <Shape><Polygon POINTS="2395 2553 2954 2538 2954 2505 2946 2438 2779 2423 2775 2423 2753 2427 2671 2441 2619 2419 2596 2408 2592 2408 2391 2408 2395 2512"/></Shape>
	    <String CONTENT="ꝑo che dido ſi uergoyaua"
                    HPOS="2391"
                    VPOS="2408"
                    WIDTH="563"
                    HEIGHT="145"></String>
          </TextLine>

          
          
          <TextLine ID="eSc_line_af1e414b"
                    TAGREFS="LT1998"
                    BASELINE="2398 2585 2927 2585" 
                    HPOS="2398"
                    VPOS="2551"
                    WIDTH="529"
                    HEIGHT="87">
            <Shape><Polygon POINTS="2398 2610 2435 2635 2438 2635 2440 2635 2443 2635 2582 2608 2621 2635 2624 2635 2626 2635 2629 2638 2703 2638 2703 2635 2706 2635 2768 2608 2927 2608 2927 2585 2927 2551 2398 2551 2398 2585"/></Shape>
	    <String CONTENT="di pigliare ꝑ marito"
                    HPOS="2398"
                    VPOS="2551"
                    WIDTH="529"
                    HEIGHT="87"></String>
          </TextLine>

          
          
          <TextLine ID="eSc_line_f9629778"
                    TAGREFS="LT1998"
                    BASELINE="2398 2660 2927 2660" 
                    HPOS="2398"
                    VPOS="2610"
                    WIDTH="529"
                    HEIGHT="85">
            <Shape><Polygon POINTS="2927 2620 2723 2610 2721 2610 2718 2610 2716 2610 2711 2615 2698 2628 2577 2628 2524 2613 2517 2610 2515 2610 2512 2610 2502 2610 2443 2625 2400 2610 2398 2660 2400 2695 2435 2682 2477 2695 2485 2695 2487 2695 2490 2695 2492 2695 2502 2692 2547 2682 2696 2682 2703 2687 2708 2692 2708 2695 2711 2695 2713 2695 2716 2695 2927 2682 2927 2660"/></Shape>
	    <String CONTENT="uno ſtranio che auea"
                    HPOS="2398"
                    VPOS="2610"
                    WIDTH="529"
                    HEIGHT="85"></String>
          </TextLine>

          
          
          <TextLine ID="eSc_line_9267744c"
                    TAGREFS="LT1998"
                    BASELINE="2385 2724 2961 2734" 
                    HPOS="2383"
                    VPOS="2672"
                    WIDTH="578"
                    HEIGHT="100">
            <Shape><Polygon POINTS="2383 2757 2472 2764 2475 2764 2477 2764 2497 2757 2522 2749 2537 2757 2544 2764 2547 2764 2549 2764 2552 2764 2604 2757 2671 2749 2693 2757 2713 2767 2716 2767 2718 2767 2721 2767 2740 2757 2755 2752 2788 2757 2857 2772 2860 2772 2959 2757 2961 2734 2959 2692 2877 2680 2875 2680 2872 2680 2835 2690 2817 2695 2803 2690 2773 2677 2770 2677 2768 2677 2765 2677 2731 2690 2718 2692 2703 2690 2649 2675 2646 2675 2644 2675 2641 2675 2639 2675 2639 2677 2626 2687 2624 2692 2529 2692 2522 2687 2487 2672 2485 2672 2482 2672 2385 2685 2385 2724"/></Shape>
	    <String CONTENT="refutato il Re Giarba"
                    HPOS="2383"
                    VPOS="2672"
                    WIDTH="578"
                    HEIGHT="100"
                    WC="0.9727152415684291"></String>
          </TextLine>

          
          
          <TextLine ID="eSc_line_0826291e"
                    TAGREFS="LT1998"
                    BASELINE="2393 2790 2907 2806" 
                    HPOS="2388"
                    VPOS="2732"
                    WIDTH="517"
                    HEIGHT="119">
            <Shape><Polygon POINTS="2388 2825 2518 2851 2522 2851 2902 2840 2905 2803 2902 2754 2775 2732 2771 2732 2391 2736 2391 2788"/></Shape>
	    <String CONTENT="cioe lo Re de affrica"
                    HPOS="2388"
                    VPOS="2732"
                    WIDTH="517"
                    HEIGHT="119"></String>
          </TextLine>

          
        </TextBlock>
        

        
      </PrintSpace>
    </Page>
  </Layout>
</alto>
