1766 2546
169 112 94 64 98

645 74 696 97 A Mad. Aurelia. . . .

360 206 1057 106 Lucida Aura gentil, che m’aßereni

440 316 1276 119 Il Ciel, l’onde tranquille, e i poggi infiori,

397 425 994 94 Aura freſca vital, che ne ristori,

424 524 998 102 Che ne rifreni pur, che ne sostieni,

341 630 1159 114 Tu via ne porti a vol, tu ne rimeni

399 742 929 85 Ai riposati lidi, ergiti fuori,

425 843 1174 103 Ergiti, e’l grembo e’l sen colma di fiori

386 946 1143 90 Dolce fiedendo, e mormorando vieni

321 1050 1386 112 Deh vienjie hor cho piu indugi aura gioconda,

424 1165 1047 93 Aura lieve, aura vaga, aura felice

420 1260 1014 95 o’ dolce Aura alma, mia del Paradiso

354 1351 1066 110 Il tuo misero Tirsi, il tuo infelice

423 1458 1279 100 Tirsi, e che ti pur chiama, e quasi anciso,

418 1544 1222 134 Ahi laßo, hor no ha pur chi gli risponda.
