1766 2546
203 193 592 96 La graziosa luce,

341 285 1045 88 Che dolce muove d’ambe due le luci

275 396 605 70 Dirrà unica luce,

288 478 1224 97 Tutt’altre avanza, o’ ciel, tue sante luci,

285 582 1162 111 Sḯ, ch'io nõ giro altrove unqua le luci,

270 671 699 97 Ma per soverchia luce

305 786 1114 83 Hor come ratto io son privo di luce?

53 1001 128 64 Plato. s̃

59 1053 147 106 95. Ardemi.

210 947 1138 130 Beato il Ciel, che mille, e mille luci

298 1074 706 92 Ha da questa una luce

253 1176 734 89 Mirar, che da due luci

290 1282 1102 91 sparge tanto splendore, e tanta luce:

280 1373 587 95 Ella nõ sol di luce

290 1480 710 94 Spegnene, quante luci

292 1571 644 81 La sera ne dan luce,

253 1661 1153 104 Ma il sol di state, il di, qu’ ei più luce.

99 1837 696 83 Plato. =εἴθε γενοίμην

155 1919 1204 95 Οὐρανὸς, ὡς πολλοῖς ὄμμασιν εἰς σὲ βλέπω.

1553 78 89 100 97
